%YAML 1.1
%TAG !u! tag:unity3d.com,2011:
--- !u!1 &4094316609623495155
GameObject:
  m_ObjectHideFlags: 0
  m_CorrespondingSourceObject: {fileID: 0}
  m_PrefabInstance: {fileID: 0}
  m_PrefabAsset: {fileID: 0}
  serializedVersion: 6
  m_Component:
  - component: {fileID: 4094316609623495154}
  - component: {fileID: 4094316609623495117}
  - component: {fileID: 4094316609623495116}
  m_Layer: 0
  m_Name: audioSource
  m_TagString: Untagged
  m_Icon: {fileID: 0}
  m_NavMeshLayer: 0
  m_StaticEditorFlags: 0
  m_IsActive: 1
--- !u!4 &4094316609623495154
Transform:
  m_ObjectHideFlags: 0
  m_CorrespondingSourceObject: {fileID: 0}
  m_PrefabInstance: {fileID: 0}
  m_PrefabAsset: {fileID: 0}
  m_GameObject: {fileID: 4094316609623495155}
  m_LocalRotation: {x: -0, y: -0, z: -0, w: 1}
  m_LocalPosition: {x: 192.34, y: 11.08, z: 93.17}
  m_LocalScale: {x: 1, y: 1, z: 1}
  m_Children: []
  m_Father: {fileID: 4094316610071426038}
  m_RootOrder: 0
  m_LocalEulerAnglesHint: {x: 0, y: 0, z: 0}
--- !u!82 &4094316609623495117
AudioSource:
  m_ObjectHideFlags: 0
  m_CorrespondingSourceObject: {fileID: 0}
  m_PrefabInstance: {fileID: 0}
  m_PrefabAsset: {fileID: 0}
  m_GameObject: {fileID: 4094316609623495155}
  m_Enabled: 1
  serializedVersion: 4
  OutputAudioMixerGroup: {fileID: 0}
  m_audioClip: {fileID: 8300000, guid: 14946cce1ae06724fabd38965be42008, type: 3}
  m_PlayOnAwake: 0
  m_Volume: 0.762
  m_Pitch: 1
  Loop: 0
  Mute: 0
  Spatialize: 0
  SpatializePostEffects: 0
  Priority: 128
  DopplerLevel: 0.1
  MinDistance: 10
  MaxDistance: 25
  Pan2D: 0
  rolloffMode: 1
  BypassEffects: 0
  BypassListenerEffects: 0
  BypassReverbZones: 0
  rolloffCustomCurve:
    serializedVersion: 2
    m_Curve:
    - serializedVersion: 3
      time: 0
      value: 1
      inSlope: 0
      outSlope: 0
      tangentMode: 0
      weightedMode: 0
      inWeight: 0.33333334
      outWeight: 0.33333334
    - serializedVersion: 3
      time: 1
      value: 0
      inSlope: 0
      outSlope: 0
      tangentMode: 0
      weightedMode: 0
      inWeight: 0.33333334
      outWeight: 0.33333334
    m_PreInfinity: 2
    m_PostInfinity: 2
    m_RotationOrder: 4
  panLevelCustomCurve:
    serializedVersion: 2
    m_Curve:
    - serializedVersion: 3
      time: 0
      value: 1
      inSlope: 0
      outSlope: 0
      tangentMode: 0
      weightedMode: 0
      inWeight: 0.33333334
      outWeight: 0.33333334
    m_PreInfinity: 2
    m_PostInfinity: 2
    m_RotationOrder: 4
  spreadCustomCurve:
    serializedVersion: 2
    m_Curve:
    - serializedVersion: 3
      time: 0
      value: 0
      inSlope: 0
      outSlope: 0
      tangentMode: 0
      weightedMode: 0
      inWeight: 0.33333334
      outWeight: 0.33333334
    m_PreInfinity: 2
    m_PostInfinity: 2
    m_RotationOrder: 4
  reverbZoneMixCustomCurve:
    serializedVersion: 2
    m_Curve:
    - serializedVersion: 3
      time: 0
      value: 1
      inSlope: 0
      outSlope: 0
      tangentMode: 0
      weightedMode: 0
      inWeight: 0.33333334
      outWeight: 0.33333334
    m_PreInfinity: 2
    m_PostInfinity: 2
    m_RotationOrder: 4
--- !u!95 &4094316609623495116
Animator:
  serializedVersion: 3
  m_ObjectHideFlags: 0
  m_CorrespondingSourceObject: {fileID: 0}
  m_PrefabInstance: {fileID: 0}
  m_PrefabAsset: {fileID: 0}
  m_GameObject: {fileID: 4094316609623495155}
  m_Enabled: 1
  m_Avatar: {fileID: 0}
  m_Controller: {fileID: 0}
  m_CullingMode: 0
  m_UpdateMode: 0
  m_ApplyRootMotion: 0
  m_LinearVelocityBlending: 0
  m_WarningMessage: 
  m_HasTransformHierarchy: 1
  m_AllowConstantClipSamplingOptimization: 1
  m_KeepAnimatorControllerStateOnDisable: 0
--- !u!1 &4094316609841027398
GameObject:
  m_ObjectHideFlags: 0
  m_CorrespondingSourceObject: {fileID: 0}
  m_PrefabInstance: {fileID: 0}
  m_PrefabAsset: {fileID: 0}
  serializedVersion: 6
  m_Component:
  - component: {fileID: 4094316609841027393}
  - component: {fileID: 4094316609841027421}
  - component: {fileID: 4094316609841027394}
  - component: {fileID: 4094316609841027395}
  - component: {fileID: 4094316609841027392}
  - component: {fileID: 4094316609841027420}
  - component: {fileID: 4094316609841027423}
  m_Layer: 0
  m_Name: Camera
  m_TagString: Untagged
  m_Icon: {fileID: 0}
  m_NavMeshLayer: 0
  m_StaticEditorFlags: 0
  m_IsActive: 1
--- !u!4 &4094316609841027393
Transform:
  m_ObjectHideFlags: 0
  m_CorrespondingSourceObject: {fileID: 0}
  m_PrefabInstance: {fileID: 0}
  m_PrefabAsset: {fileID: 0}
  m_GameObject: {fileID: 4094316609841027398}
  m_LocalRotation: {x: 0, y: 0, z: 0, w: 1}
  m_LocalPosition: {x: 0, y: 0, z: 0}
  m_LocalScale: {x: 1, y: 1, z: 1}
  m_Children: []
  m_Father: {fileID: 4094316610071426038}
  m_RootOrder: 3
  m_LocalEulerAnglesHint: {x: 0, y: 0, z: 0}
--- !u!20 &4094316609841027421
Camera:
  m_ObjectHideFlags: 0
  m_CorrespondingSourceObject: {fileID: 0}
  m_PrefabInstance: {fileID: 0}
  m_PrefabAsset: {fileID: 0}
  m_GameObject: {fileID: 4094316609841027398}
  m_Enabled: 1
  serializedVersion: 2
  m_ClearFlags: 1
  m_BackGroundColor: {r: 0.19215687, g: 0.3019608, b: 0.4745098, a: 0}
  m_projectionMatrixMode: 1
  m_GateFitMode: 2
  m_FOVAxisMode: 0
  m_SensorSize: {x: 36, y: 24}
  m_LensShift: {x: 0, y: 0}
  m_FocalLength: 50
  m_NormalizedViewPortRect:
    serializedVersion: 2
    x: 0
    y: 0
    width: 1
    height: 1
  near clip plane: 0.3
  far clip plane: 1000
  field of view: 60
  orthographic: 0
  orthographic size: 5
  m_Depth: 0
  m_CullingMask:
    serializedVersion: 2
    m_Bits: 4294967295
  m_RenderingPath: -1
  m_TargetTexture: {fileID: 0}
  m_TargetDisplay: 0
  m_TargetEye: 3
  m_HDR: 1
  m_AllowMSAA: 1
  m_AllowDynamicResolution: 0
  m_ForceIntoRT: 0
  m_OcclusionCulling: 1
  m_StereoConvergence: 10
  m_StereoSeparation: 0.022
--- !u!81 &4094316609841027394
AudioListener:
  m_ObjectHideFlags: 0
  m_CorrespondingSourceObject: {fileID: 0}
  m_PrefabInstance: {fileID: 0}
  m_PrefabAsset: {fileID: 0}
  m_GameObject: {fileID: 4094316609841027398}
  m_Enabled: 1
--- !u!95 &4094316609841027395
Animator:
  serializedVersion: 3
  m_ObjectHideFlags: 0
  m_CorrespondingSourceObject: {fileID: 0}
  m_PrefabInstance: {fileID: 0}
  m_PrefabAsset: {fileID: 0}
  m_GameObject: {fileID: 4094316609841027398}
  m_Enabled: 1
  m_Avatar: {fileID: 0}
  m_Controller: {fileID: 0}
  m_CullingMode: 0
  m_UpdateMode: 0
  m_ApplyRootMotion: 0
  m_LinearVelocityBlending: 0
  m_WarningMessage: 
  m_HasTransformHierarchy: 1
  m_AllowConstantClipSamplingOptimization: 1
  m_KeepAnimatorControllerStateOnDisable: 0
--- !u!124 &4094316609841027392
Behaviour:
  m_ObjectHideFlags: 0
  m_CorrespondingSourceObject: {fileID: 0}
  m_PrefabInstance: {fileID: 0}
  m_PrefabAsset: {fileID: 0}
  m_GameObject: {fileID: 4094316609841027398}
  m_Enabled: 1
--- !u!114 &4094316609841027420
MonoBehaviour:
  m_ObjectHideFlags: 0
  m_CorrespondingSourceObject: {fileID: 0}
  m_PrefabInstance: {fileID: 0}
  m_PrefabAsset: {fileID: 0}
  m_GameObject: {fileID: 4094316609841027398}
  m_Enabled: 1
  m_EditorHideFlags: 0
  m_Script: {fileID: 11500000, guid: 8b9a305e18de0c04dbd257a21cd47087, type: 3}
  m_Name: 
  m_EditorClassIdentifier: 
  sharedProfile: {fileID: 11400000, guid: d91747b81f674374d8cff64e24ed9edb, type: 2}
  isGlobal: 1
  blendDistance: 0
  weight: 1
  priority: 0
--- !u!114 &4094316609841027423
MonoBehaviour:
  m_ObjectHideFlags: 0
  m_CorrespondingSourceObject: {fileID: 0}
  m_PrefabInstance: {fileID: 0}
  m_PrefabAsset: {fileID: 0}
  m_GameObject: {fileID: 4094316609841027398}
  m_Enabled: 1
  m_EditorHideFlags: 0
  m_Script: {fileID: 11500000, guid: 948f4100a11a5c24981795d21301da5c, type: 3}
  m_Name: 
  m_EditorClassIdentifier: 
  volumeTrigger: {fileID: 4094316609841027393}
  volumeLayer:
    serializedVersion: 2
    m_Bits: 4294967295
  stopNaNPropagation: 1
  finalBlitToCameraTarget: 0
  antialiasingMode: 0
  temporalAntialiasing:
    jitterSpread: 0.75
    sharpness: 0.25
    stationaryBlending: 0.95
    motionBlending: 0.85
  subpixelMorphologicalAntialiasing:
    quality: 2
  fastApproximateAntialiasing:
    fastMode: 0
    keepAlpha: 0
  fog:
    enabled: 1
    excludeSkybox: 1
  debugLayer:
    lightMeter:
      width: 512
      height: 256
      showCurves: 1
    histogram:
      width: 512
      height: 256
      channel: 3
    waveform:
      exposure: 0.12
      height: 256
    vectorscope:
      size: 256
      exposure: 0.12
    overlaySettings:
      linearDepth: 0
      motionColorIntensity: 4
      motionGridSize: 64
      colorBlindnessType: 0
      colorBlindnessStrength: 1
  m_Resources: {fileID: 11400000, guid: d82512f9c8e5d4a4d938b575d47f88d4, type: 2}
  m_ShowToolkit: 0
  m_ShowCustomSorter: 0
  breakBeforeColorGrading: 0
  m_BeforeTransparentBundles: []
  m_BeforeStackBundles:
  - assemblyQualifiedName: PostProcessOutline, Assembly-CSharp, Version=0.0.0.0,
      Culture=neutral, PublicKeyToken=null
  m_AfterStackBundles: []
--- !u!1 &4094316610071426039
GameObject:
  m_ObjectHideFlags: 0
  m_CorrespondingSourceObject: {fileID: 0}
  m_PrefabInstance: {fileID: 0}
  m_PrefabAsset: {fileID: 0}
  serializedVersion: 6
  m_Component:
  - component: {fileID: 4094316610071426038}
  - component: {fileID: 4094316610071426033}
  - component: {fileID: 4094316610071426032}
  m_Layer: 0
  m_Name: ScenePlayableDirector
  m_TagString: Untagged
  m_Icon: {fileID: 0}
  m_NavMeshLayer: 0
  m_StaticEditorFlags: 0
  m_IsActive: 1
--- !u!4 &4094316610071426038
Transform:
  m_ObjectHideFlags: 0
  m_CorrespondingSourceObject: {fileID: 0}
  m_PrefabInstance: {fileID: 0}
  m_PrefabAsset: {fileID: 0}
  m_GameObject: {fileID: 4094316610071426039}
  m_LocalRotation: {x: -0, y: -0, z: -0, w: 1}
  m_LocalPosition: {x: 52.875916, y: -11.34953, z: 32.229065}
  m_LocalScale: {x: 1, y: 1, z: 1}
  m_Children:
  - {fileID: 4094316609623495154}
  - {fileID: 6939455715367892414}
  - {fileID: 6335375322130625019}
  - {fileID: 4094316609841027393}
  - {fileID: 4094316611168937448}
  m_Father: {fileID: 0}
  m_RootOrder: 0
  m_LocalEulerAnglesHint: {x: 0, y: 0, z: 0}
--- !u!320 &4094316610071426033
PlayableDirector:
  m_ObjectHideFlags: 0
  m_CorrespondingSourceObject: {fileID: 0}
  m_PrefabInstance: {fileID: 0}
  m_PrefabAsset: {fileID: 0}
  m_GameObject: {fileID: 4094316610071426039}
  m_Enabled: 1
  serializedVersion: 3
  m_PlayableAsset: {fileID: 11400000, guid: 16b975a234e23c64988bd74f23a48be6, type: 2}
  m_InitialState: 1
  m_WrapMode: 2
  m_DirectorUpdateMode: 1
  m_InitialTime: 0
  m_SceneBindings:
  - key: {fileID: 4760598084342424826, guid: 16b975a234e23c64988bd74f23a48be6, type: 2}
    value: {fileID: 2976951137135349788}
  - key: {fileID: -2051699987269222832, guid: 16b975a234e23c64988bd74f23a48be6, type: 2}
    value: {fileID: 4094316611445815352}
  - key: {fileID: -2544546322328954709, guid: 16b975a234e23c64988bd74f23a48be6, type: 2}
    value: {fileID: 4094316609623495117}
  - key: {fileID: -4622548679888978783, guid: 16b975a234e23c64988bd74f23a48be6, type: 2}
    value: {fileID: 4094316609623495116}
  - key: {fileID: -7729143729651519630, guid: 16b975a234e23c64988bd74f23a48be6, type: 2}
    value: {fileID: 2976951137135349788}
  - key: {fileID: -1003948587748064487, guid: 16b975a234e23c64988bd74f23a48be6, type: 2}
    value: {fileID: 4094316610887271734}
  - key: {fileID: 8099410604018794507, guid: 16b975a234e23c64988bd74f23a48be6, type: 2}
    value: {fileID: 4094316611393498306}
  - key: {fileID: 2415389488948478754, guid: 16b975a234e23c64988bd74f23a48be6, type: 2}
    value: {fileID: 4094316609841027395}
  - key: {fileID: 7480608632376661676, guid: 16b975a234e23c64988bd74f23a48be6, type: 2}
    value: {fileID: 4094316609623495116}
  - key: {fileID: -3432556967429476776, guid: 16b975a234e23c64988bd74f23a48be6, type: 2}
    value: {fileID: 4094316611168937449}
  - key: {fileID: 3884271259045290455, guid: 16b975a234e23c64988bd74f23a48be6, type: 2}
    value: {fileID: 7230951139034974960}
  - key: {fileID: -1897068636818657349, guid: 16b975a234e23c64988bd74f23a48be6, type: 2}
    value: {fileID: 8179239812020771247}
  m_ExposedReferences:
    m_References: []
--- !u!95 &4094316610071426032
Animator:
  serializedVersion: 3
  m_ObjectHideFlags: 0
  m_CorrespondingSourceObject: {fileID: 0}
  m_PrefabInstance: {fileID: 0}
  m_PrefabAsset: {fileID: 0}
  m_GameObject: {fileID: 4094316610071426039}
  m_Enabled: 1
  m_Avatar: {fileID: 0}
  m_Controller: {fileID: 9100000, guid: e4103fc241b51e940b2cbc4b083d7e6f, type: 2}
  m_CullingMode: 0
  m_UpdateMode: 0
  m_ApplyRootMotion: 0
  m_LinearVelocityBlending: 0
  m_WarningMessage: 
  m_HasTransformHierarchy: 1
  m_AllowConstantClipSamplingOptimization: 1
  m_KeepAnimatorControllerStateOnDisable: 0
--- !u!1 &4094316611168937449
GameObject:
  m_ObjectHideFlags: 0
  m_CorrespondingSourceObject: {fileID: 0}
  m_PrefabInstance: {fileID: 0}
  m_PrefabAsset: {fileID: 0}
  serializedVersion: 6
  m_Component:
  - component: {fileID: 4094316611168937448}
  m_Layer: 0
  m_Name: SceneProps
  m_TagString: Untagged
  m_Icon: {fileID: 0}
  m_NavMeshLayer: 0
  m_StaticEditorFlags: 0
  m_IsActive: 1
--- !u!4 &4094316611168937448
Transform:
  m_ObjectHideFlags: 0
  m_CorrespondingSourceObject: {fileID: 0}
  m_PrefabInstance: {fileID: 0}
  m_PrefabAsset: {fileID: 0}
  m_GameObject: {fileID: 4094316611168937449}
  m_LocalRotation: {x: 0, y: 0, z: 0, w: 1}
  m_LocalPosition: {x: 0, y: 0, z: 0}
  m_LocalScale: {x: 1, y: 1, z: 1}
  m_Children:
  - {fileID: 4094316611445815353}
  m_Father: {fileID: 4094316610071426038}
  m_RootOrder: 4
  m_LocalEulerAnglesHint: {x: 0, y: 0, z: 0}
--- !u!1 &4094316611445815358
GameObject:
  m_ObjectHideFlags: 0
  m_CorrespondingSourceObject: {fileID: 0}
  m_PrefabInstance: {fileID: 0}
  m_PrefabAsset: {fileID: 0}
  serializedVersion: 6
  m_Component:
  - component: {fileID: 4094316611445815353}
  - component: {fileID: 4094316611445815352}
  m_Layer: 0
  m_Name: beachedBoat_shore
  m_TagString: Untagged
  m_Icon: {fileID: 0}
  m_NavMeshLayer: 0
  m_StaticEditorFlags: 0
  m_IsActive: 1
--- !u!4 &4094316611445815353
Transform:
  m_ObjectHideFlags: 0
  m_CorrespondingSourceObject: {fileID: 0}
  m_PrefabInstance: {fileID: 0}
  m_PrefabAsset: {fileID: 0}
  m_GameObject: {fileID: 4094316611445815358}
  m_LocalRotation: {x: -0.038002312, y: 0.2431925, z: -0.10616806, w: 0.9634011}
  m_LocalPosition: {x: -48.427002, y: 11.270383, z: -15.208618}
  m_LocalScale: {x: 1, y: 1, z: 1}
  m_Children:
  - {fileID: 5630578292472403069}
  - {fileID: 5177523876932975974}
  m_Father: {fileID: 4094316611168937448}
  m_RootOrder: 0
  m_LocalEulerAnglesHint: {x: 358.763, y: 388.474, z: 347.109}
--- !u!95 &4094316611445815352
Animator:
  serializedVersion: 3
  m_ObjectHideFlags: 0
  m_CorrespondingSourceObject: {fileID: 0}
  m_PrefabInstance: {fileID: 0}
  m_PrefabAsset: {fileID: 0}
  m_GameObject: {fileID: 4094316611445815358}
  m_Enabled: 1
  m_Avatar: {fileID: 0}
  m_Controller: {fileID: 0}
  m_CullingMode: 0
  m_UpdateMode: 0
  m_ApplyRootMotion: 0
  m_LinearVelocityBlending: 0
  m_WarningMessage: 
  m_HasTransformHierarchy: 1
  m_AllowConstantClipSamplingOptimization: 1
  m_KeepAnimatorControllerStateOnDisable: 0
--- !u!95 &4094316611393498306
Animator:
  serializedVersion: 3
  m_ObjectHideFlags: 0
  m_CorrespondingSourceObject: {fileID: 0}
  m_PrefabInstance: {fileID: 0}
  m_PrefabAsset: {fileID: 0}
  m_GameObject: {fileID: 4095272418295131484}
  m_Enabled: 1
  m_Avatar: {fileID: 0}
  m_Controller: {fileID: 0}
  m_CullingMode: 0
  m_UpdateMode: 0
  m_ApplyRootMotion: 0
  m_LinearVelocityBlending: 0
  m_WarningMessage: 
  m_HasTransformHierarchy: 1
  m_AllowConstantClipSamplingOptimization: 1
  m_KeepAnimatorControllerStateOnDisable: 0
--- !u!95 &4094316610887271734
Animator:
  serializedVersion: 3
  m_ObjectHideFlags: 0
  m_CorrespondingSourceObject: {fileID: 0}
  m_PrefabInstance: {fileID: 0}
  m_PrefabAsset: {fileID: 0}
  m_GameObject: {fileID: 4095272418834269352}
  m_Enabled: 1
  m_Avatar: {fileID: 0}
  m_Controller: {fileID: 0}
  m_CullingMode: 0
  m_UpdateMode: 0
  m_ApplyRootMotion: 0
  m_LinearVelocityBlending: 0
  m_WarningMessage: 
  m_HasTransformHierarchy: 1
  m_AllowConstantClipSamplingOptimization: 1
  m_KeepAnimatorControllerStateOnDisable: 0
--- !u!1 &4743952493693859932
GameObject:
  m_ObjectHideFlags: 0
  m_CorrespondingSourceObject: {fileID: 0}
  m_PrefabInstance: {fileID: 0}
  m_PrefabAsset: {fileID: 0}
  serializedVersion: 6
  m_Component:
  - component: {fileID: 6335375322130625019}
  - component: {fileID: 7230951139034974960}
  - component: {fileID: 7436174025066392852}
  m_Layer: 0
  m_Name: music
  m_TagString: Untagged
  m_Icon: {fileID: 0}
  m_NavMeshLayer: 0
  m_StaticEditorFlags: 0
  m_IsActive: 1
--- !u!4 &6335375322130625019
Transform:
  m_ObjectHideFlags: 0
  m_CorrespondingSourceObject: {fileID: 0}
  m_PrefabInstance: {fileID: 0}
  m_PrefabAsset: {fileID: 0}
  m_GameObject: {fileID: 4743952493693859932}
  m_LocalRotation: {x: -0, y: -0, z: -0, w: 1}
  m_LocalPosition: {x: 192.34, y: 11.08, z: 93.17}
  m_LocalScale: {x: 1, y: 1, z: 1}
  m_Children: []
  m_Father: {fileID: 4094316610071426038}
  m_RootOrder: 2
  m_LocalEulerAnglesHint: {x: 0, y: 0, z: 0}
--- !u!82 &7230951139034974960
AudioSource:
  m_ObjectHideFlags: 0
  m_CorrespondingSourceObject: {fileID: 0}
  m_PrefabInstance: {fileID: 0}
  m_PrefabAsset: {fileID: 0}
  m_GameObject: {fileID: 4743952493693859932}
  m_Enabled: 1
  serializedVersion: 4
  OutputAudioMixerGroup: {fileID: 0}
  m_audioClip: {fileID: 8300000, guid: 14946cce1ae06724fabd38965be42008, type: 3}
  m_PlayOnAwake: 0
  m_Volume: 0.762
  m_Pitch: 1
  Loop: 0
  Mute: 0
  Spatialize: 0
  SpatializePostEffects: 0
  Priority: 128
  DopplerLevel: 0.1
  MinDistance: 10
  MaxDistance: 25
  Pan2D: 0
  rolloffMode: 1
  BypassEffects: 0
  BypassListenerEffects: 0
  BypassReverbZones: 0
  rolloffCustomCurve:
    serializedVersion: 2
    m_Curve:
    - serializedVersion: 3
      time: 0
      value: 1
      inSlope: 0
      outSlope: 0
      tangentMode: 0
      weightedMode: 0
      inWeight: 0.33333334
      outWeight: 0.33333334
    - serializedVersion: 3
      time: 1
      value: 0
      inSlope: 0
      outSlope: 0
      tangentMode: 0
      weightedMode: 0
      inWeight: 0.33333334
      outWeight: 0.33333334
    m_PreInfinity: 2
    m_PostInfinity: 2
    m_RotationOrder: 4
  panLevelCustomCurve:
    serializedVersion: 2
    m_Curve:
    - serializedVersion: 3
      time: 0
      value: 0
      inSlope: 0
      outSlope: 0
      tangentMode: 0
      weightedMode: 0
      inWeight: 0.33333334
      outWeight: 0.33333334
    m_PreInfinity: 2
    m_PostInfinity: 2
    m_RotationOrder: 4
  spreadCustomCurve:
    serializedVersion: 2
    m_Curve:
    - serializedVersion: 3
      time: 0
      value: 0
      inSlope: 0
      outSlope: 0
      tangentMode: 0
      weightedMode: 0
      inWeight: 0.33333334
      outWeight: 0.33333334
    m_PreInfinity: 2
    m_PostInfinity: 2
    m_RotationOrder: 4
  reverbZoneMixCustomCurve:
    serializedVersion: 2
    m_Curve:
    - serializedVersion: 3
      time: 0
      value: 1
      inSlope: 0
      outSlope: 0
      tangentMode: 0
      weightedMode: 0
      inWeight: 0.33333334
      outWeight: 0.33333334
    m_PreInfinity: 2
    m_PostInfinity: 2
    m_RotationOrder: 4
--- !u!95 &7436174025066392852
Animator:
  serializedVersion: 3
  m_ObjectHideFlags: 0
  m_CorrespondingSourceObject: {fileID: 0}
  m_PrefabInstance: {fileID: 0}
  m_PrefabAsset: {fileID: 0}
  m_GameObject: {fileID: 4743952493693859932}
  m_Enabled: 1
  m_Avatar: {fileID: 0}
  m_Controller: {fileID: 0}
  m_CullingMode: 0
  m_UpdateMode: 0
  m_ApplyRootMotion: 0
  m_LinearVelocityBlending: 0
  m_WarningMessage: 
  m_HasTransformHierarchy: 1
  m_AllowConstantClipSamplingOptimization: 1
  m_KeepAnimatorControllerStateOnDisable: 0
--- !u!114 &4094316611033732060
MonoBehaviour:
  m_ObjectHideFlags: 0
  m_CorrespondingSourceObject: {fileID: 0}
  m_PrefabInstance: {fileID: 0}
  m_PrefabAsset: {fileID: 0}
  m_GameObject: {fileID: 5630578292472403042}
  m_Enabled: 1
  m_EditorHideFlags: 0
  m_Script: {fileID: 11500000, guid: cde5d324931844f4cbe9d7dbe1af3535, type: 3}
  m_Name: 
  m_EditorClassIdentifier: 
  OnClick:
    m_PersistentCalls:
      m_Calls:
      - m_Target: {fileID: 0}
        m_MethodName: Open
        m_Mode: 1
        m_Arguments:
          m_ObjectArgument: {fileID: 0}
          m_ObjectArgumentAssemblyTypeName: UnityEngine.Object, UnityEngine
          m_IntArgument: 0
          m_FloatArgument: 0
          m_StringArgument: 
          m_BoolArgument: 0
        m_CallState: 2
  MousePriority: 0
  interactionObject: {fileID: 0}
  OnHoverEnter:
    m_PersistentCalls:
      m_Calls:
      - m_Target: {fileID: 1369049998980148220}
        m_MethodName: Show
        m_Mode: 1
        m_Arguments:
          m_ObjectArgument: {fileID: 0}
          m_ObjectArgumentAssemblyTypeName: UnityEngine.Object, UnityEngine
          m_IntArgument: 0
          m_FloatArgument: 0
          m_StringArgument: 
          m_BoolArgument: 0
        m_CallState: 2
  OnHoverExit:
    m_PersistentCalls:
      m_Calls:
      - m_Target: {fileID: 1369049998980148220}
        m_MethodName: Hide
        m_Mode: 1
        m_Arguments:
          m_ObjectArgument: {fileID: 0}
          m_ObjectArgumentAssemblyTypeName: UnityEngine.Object, UnityEngine
          m_IntArgument: 0
          m_FloatArgument: 0
          m_StringArgument: 
          m_BoolArgument: 0
        m_CallState: 2
  isEnabled: 1
  InteractionDistance: 8
--- !u!1 &7640731313691373793
GameObject:
  m_ObjectHideFlags: 0
  m_CorrespondingSourceObject: {fileID: 0}
  m_PrefabInstance: {fileID: 0}
  m_PrefabAsset: {fileID: 0}
  serializedVersion: 6
  m_Component:
  - component: {fileID: 6939455715367892414}
  - component: {fileID: 8179239812020771247}
  - component: {fileID: 524707679026791624}
  m_Layer: 0
  m_Name: audioSource_2
  m_TagString: Untagged
  m_Icon: {fileID: 0}
  m_NavMeshLayer: 0
  m_StaticEditorFlags: 0
  m_IsActive: 1
--- !u!4 &6939455715367892414
Transform:
  m_ObjectHideFlags: 0
  m_CorrespondingSourceObject: {fileID: 0}
  m_PrefabInstance: {fileID: 0}
  m_PrefabAsset: {fileID: 0}
  m_GameObject: {fileID: 7640731313691373793}
  m_LocalRotation: {x: -0, y: -0, z: -0, w: 1}
  m_LocalPosition: {x: 192.34, y: 11.08, z: 93.17}
  m_LocalScale: {x: 1, y: 1, z: 1}
  m_Children: []
  m_Father: {fileID: 4094316610071426038}
  m_RootOrder: 1
  m_LocalEulerAnglesHint: {x: 0, y: 0, z: 0}
--- !u!82 &8179239812020771247
AudioSource:
  m_ObjectHideFlags: 0
  m_CorrespondingSourceObject: {fileID: 0}
  m_PrefabInstance: {fileID: 0}
  m_PrefabAsset: {fileID: 0}
  m_GameObject: {fileID: 7640731313691373793}
  m_Enabled: 1
  serializedVersion: 4
  OutputAudioMixerGroup: {fileID: 0}
  m_audioClip: {fileID: 8300000, guid: 14946cce1ae06724fabd38965be42008, type: 3}
  m_PlayOnAwake: 0
  m_Volume: 0.762
  m_Pitch: 1
  Loop: 0
  Mute: 0
  Spatialize: 0
  SpatializePostEffects: 0
  Priority: 128
  DopplerLevel: 0.1
  MinDistance: 10
  MaxDistance: 25
  Pan2D: 0
  rolloffMode: 1
  BypassEffects: 0
  BypassListenerEffects: 0
  BypassReverbZones: 0
  rolloffCustomCurve:
    serializedVersion: 2
    m_Curve:
    - serializedVersion: 3
      time: 0
      value: 1
      inSlope: 0
      outSlope: 0
      tangentMode: 0
      weightedMode: 0
      inWeight: 0.33333334
      outWeight: 0.33333334
    - serializedVersion: 3
      time: 1
      value: 0
      inSlope: 0
      outSlope: 0
      tangentMode: 0
      weightedMode: 0
      inWeight: 0.33333334
      outWeight: 0.33333334
    m_PreInfinity: 2
    m_PostInfinity: 2
    m_RotationOrder: 4
  panLevelCustomCurve:
    serializedVersion: 2
    m_Curve:
    - serializedVersion: 3
      time: 0
      value: 0
      inSlope: 0
      outSlope: 0
      tangentMode: 0
      weightedMode: 0
      inWeight: 0.33333334
      outWeight: 0.33333334
    m_PreInfinity: 2
    m_PostInfinity: 2
    m_RotationOrder: 4
  spreadCustomCurve:
    serializedVersion: 2
    m_Curve:
    - serializedVersion: 3
      time: 0
      value: 0
      inSlope: 0
      outSlope: 0
      tangentMode: 0
      weightedMode: 0
      inWeight: 0.33333334
      outWeight: 0.33333334
    m_PreInfinity: 2
    m_PostInfinity: 2
    m_RotationOrder: 4
  reverbZoneMixCustomCurve:
    serializedVersion: 2
    m_Curve:
    - serializedVersion: 3
      time: 0
      value: 1
      inSlope: 0
      outSlope: 0
      tangentMode: 0
      weightedMode: 0
      inWeight: 0.33333334
      outWeight: 0.33333334
    m_PreInfinity: 2
    m_PostInfinity: 2
    m_RotationOrder: 4
--- !u!95 &524707679026791624
Animator:
  serializedVersion: 3
  m_ObjectHideFlags: 0
  m_CorrespondingSourceObject: {fileID: 0}
  m_PrefabInstance: {fileID: 0}
  m_PrefabAsset: {fileID: 0}
  m_GameObject: {fileID: 7640731313691373793}
  m_Enabled: 1
  m_Avatar: {fileID: 0}
  m_Controller: {fileID: 0}
  m_CullingMode: 0
  m_UpdateMode: 0
  m_ApplyRootMotion: 0
  m_LinearVelocityBlending: 0
  m_WarningMessage: 
  m_HasTransformHierarchy: 1
  m_AllowConstantClipSamplingOptimization: 1
  m_KeepAnimatorControllerStateOnDisable: 0
--- !u!1001 &4094316609589541312
PrefabInstance:
  m_ObjectHideFlags: 0
  serializedVersion: 2
  m_Modification:
    m_TransformParent: {fileID: 5630578292472403069}
    m_Modifications:
    - target: {fileID: 3039429451546323556, guid: cbabcc99829010c45bfe588d60940997,
        type: 3}
      propertyPath: m_Name
      value: WorldToolTip
      objectReference: {fileID: 0}
    - target: {fileID: 3039429451546323557, guid: cbabcc99829010c45bfe588d60940997,
        type: 3}
      propertyPath: m_LocalPosition.x
      value: 0
      objectReference: {fileID: 0}
    - target: {fileID: 3039429451546323557, guid: cbabcc99829010c45bfe588d60940997,
        type: 3}
      propertyPath: m_LocalPosition.y
      value: 0
      objectReference: {fileID: 0}
    - target: {fileID: 3039429451546323557, guid: cbabcc99829010c45bfe588d60940997,
        type: 3}
      propertyPath: m_LocalPosition.z
      value: 0
      objectReference: {fileID: 0}
    - target: {fileID: 3039429451546323557, guid: cbabcc99829010c45bfe588d60940997,
        type: 3}
      propertyPath: m_LocalRotation.x
      value: 0
      objectReference: {fileID: 0}
    - target: {fileID: 3039429451546323557, guid: cbabcc99829010c45bfe588d60940997,
        type: 3}
      propertyPath: m_LocalRotation.y
      value: 0
      objectReference: {fileID: 0}
    - target: {fileID: 3039429451546323557, guid: cbabcc99829010c45bfe588d60940997,
        type: 3}
      propertyPath: m_LocalRotation.z
      value: 0
      objectReference: {fileID: 0}
    - target: {fileID: 3039429451546323557, guid: cbabcc99829010c45bfe588d60940997,
        type: 3}
      propertyPath: m_LocalRotation.w
      value: 1
      objectReference: {fileID: 0}
    - target: {fileID: 3039429451546323557, guid: cbabcc99829010c45bfe588d60940997,
        type: 3}
      propertyPath: m_RootOrder
      value: 2
      objectReference: {fileID: 0}
    - target: {fileID: 3039429451546323557, guid: cbabcc99829010c45bfe588d60940997,
        type: 3}
      propertyPath: m_LocalEulerAnglesHint.x
      value: 0
      objectReference: {fileID: 0}
    - target: {fileID: 3039429451546323557, guid: cbabcc99829010c45bfe588d60940997,
        type: 3}
      propertyPath: m_LocalEulerAnglesHint.y
      value: 0
      objectReference: {fileID: 0}
    - target: {fileID: 3039429451546323557, guid: cbabcc99829010c45bfe588d60940997,
        type: 3}
      propertyPath: m_LocalEulerAnglesHint.z
      value: 0
      objectReference: {fileID: 0}
    - target: {fileID: 3039429451546323557, guid: cbabcc99829010c45bfe588d60940997,
        type: 3}
      propertyPath: m_AnchoredPosition.x
      value: 0
      objectReference: {fileID: 0}
    - target: {fileID: 3039429451546323557, guid: cbabcc99829010c45bfe588d60940997,
        type: 3}
      propertyPath: m_AnchoredPosition.y
      value: 0
      objectReference: {fileID: 0}
    - target: {fileID: 3039429451546323557, guid: cbabcc99829010c45bfe588d60940997,
        type: 3}
      propertyPath: m_SizeDelta.x
      value: 200
      objectReference: {fileID: 0}
    - target: {fileID: 3039429451546323557, guid: cbabcc99829010c45bfe588d60940997,
        type: 3}
      propertyPath: m_SizeDelta.y
      value: 100
      objectReference: {fileID: 0}
    - target: {fileID: 3039429451546323557, guid: cbabcc99829010c45bfe588d60940997,
        type: 3}
      propertyPath: m_AnchorMin.x
      value: 0.5
      objectReference: {fileID: 0}
    - target: {fileID: 3039429451546323557, guid: cbabcc99829010c45bfe588d60940997,
        type: 3}
      propertyPath: m_AnchorMin.y
      value: 0.5
      objectReference: {fileID: 0}
    - target: {fileID: 3039429451546323557, guid: cbabcc99829010c45bfe588d60940997,
        type: 3}
      propertyPath: m_AnchorMax.x
      value: 0.5
      objectReference: {fileID: 0}
    - target: {fileID: 3039429451546323557, guid: cbabcc99829010c45bfe588d60940997,
        type: 3}
      propertyPath: m_AnchorMax.y
      value: 0.5
      objectReference: {fileID: 0}
    - target: {fileID: 3039429451546323557, guid: cbabcc99829010c45bfe588d60940997,
        type: 3}
      propertyPath: m_Pivot.x
      value: 0.5
      objectReference: {fileID: 0}
    - target: {fileID: 3039429451546323557, guid: cbabcc99829010c45bfe588d60940997,
        type: 3}
      propertyPath: m_Pivot.y
      value: 0.5
      objectReference: {fileID: 0}
    - target: {fileID: 3039429452109137913, guid: cbabcc99829010c45bfe588d60940997,
        type: 3}
      propertyPath: m_textInfo.characterCount
      value: 0
      objectReference: {fileID: 0}
    - target: {fileID: 3039429452109137913, guid: cbabcc99829010c45bfe588d60940997,
        type: 3}
      propertyPath: m_textInfo.spaceCount
      value: 0
      objectReference: {fileID: 0}
    - target: {fileID: 3039429452109137913, guid: cbabcc99829010c45bfe588d60940997,
        type: 3}
      propertyPath: m_textInfo.wordCount
      value: 0
      objectReference: {fileID: 0}
    - target: {fileID: 3039429452109137913, guid: cbabcc99829010c45bfe588d60940997,
        type: 3}
      propertyPath: m_textInfo.lineCount
      value: 0
      objectReference: {fileID: 0}
    - target: {fileID: 3039429452109137913, guid: cbabcc99829010c45bfe588d60940997,
        type: 3}
      propertyPath: m_textInfo.pageCount
      value: 0
      objectReference: {fileID: 0}
    - target: {fileID: 3039429452109137913, guid: cbabcc99829010c45bfe588d60940997,
        type: 3}
      propertyPath: m_text
      value: Travel
      objectReference: {fileID: 0}
    - target: {fileID: 3039429453444092476, guid: cbabcc99829010c45bfe588d60940997,
        type: 3}
      propertyPath: target
      value: 
      objectReference: {fileID: 5630578292472403042}
    m_RemovedComponents: []
  m_SourcePrefab: {fileID: 100100000, guid: cbabcc99829010c45bfe588d60940997, type: 3}
--- !u!114 &1369049998980148220 stripped
MonoBehaviour:
  m_CorrespondingSourceObject: {fileID: 3039429453444092476, guid: cbabcc99829010c45bfe588d60940997,
    type: 3}
  m_PrefabInstance: {fileID: 4094316609589541312}
  m_PrefabAsset: {fileID: 0}
  m_GameObject: {fileID: 0}
  m_Enabled: 1
  m_EditorHideFlags: 0
  m_Script: {fileID: 11500000, guid: 4c505e43d92fe7643a9e0558bb417b42, type: 3}
  m_Name: 
  m_EditorClassIdentifier: 
--- !u!1001 &4094316610887271732
PrefabInstance:
  m_ObjectHideFlags: 0
  serializedVersion: 2
  m_Modification:
    m_TransformParent: {fileID: 5630578292472403069}
    m_Modifications:
    - target: {fileID: 1332414332305820, guid: 7fa9d8eb01cdfa249b9c99a66ba8d3b5, type: 3}
      propertyPath: m_Name
      value: Boat_paddle
      objectReference: {fileID: 0}
    - target: {fileID: 1332414332305820, guid: 7fa9d8eb01cdfa249b9c99a66ba8d3b5, type: 3}
      propertyPath: m_StaticEditorFlags
      value: 0
      objectReference: {fileID: 0}
    - target: {fileID: 4874403414026552, guid: 7fa9d8eb01cdfa249b9c99a66ba8d3b5, type: 3}
      propertyPath: m_LocalPosition.x
      value: -0.621
      objectReference: {fileID: 0}
    - target: {fileID: 4874403414026552, guid: 7fa9d8eb01cdfa249b9c99a66ba8d3b5, type: 3}
      propertyPath: m_LocalPosition.y
      value: 0.633
      objectReference: {fileID: 0}
    - target: {fileID: 4874403414026552, guid: 7fa9d8eb01cdfa249b9c99a66ba8d3b5, type: 3}
      propertyPath: m_LocalPosition.z
      value: -1.327
      objectReference: {fileID: 0}
    - target: {fileID: 4874403414026552, guid: 7fa9d8eb01cdfa249b9c99a66ba8d3b5, type: 3}
      propertyPath: m_LocalRotation.x
      value: 0.12110223
      objectReference: {fileID: 0}
    - target: {fileID: 4874403414026552, guid: 7fa9d8eb01cdfa249b9c99a66ba8d3b5, type: 3}
      propertyPath: m_LocalRotation.y
      value: -0.5189475
      objectReference: {fileID: 0}
    - target: {fileID: 4874403414026552, guid: 7fa9d8eb01cdfa249b9c99a66ba8d3b5, type: 3}
      propertyPath: m_LocalRotation.z
      value: 0.07530219
      objectReference: {fileID: 0}
    - target: {fileID: 4874403414026552, guid: 7fa9d8eb01cdfa249b9c99a66ba8d3b5, type: 3}
      propertyPath: m_LocalRotation.w
      value: -0.84282696
      objectReference: {fileID: 0}
    - target: {fileID: 4874403414026552, guid: 7fa9d8eb01cdfa249b9c99a66ba8d3b5, type: 3}
      propertyPath: m_RootOrder
      value: 3
      objectReference: {fileID: 0}
    - target: {fileID: 4874403414026552, guid: 7fa9d8eb01cdfa249b9c99a66ba8d3b5, type: 3}
      propertyPath: m_LocalEulerAnglesHint.x
      value: -7.2370005
      objectReference: {fileID: 0}
    - target: {fileID: 4874403414026552, guid: 7fa9d8eb01cdfa249b9c99a66ba8d3b5, type: 3}
      propertyPath: m_LocalEulerAnglesHint.y
      value: 64.181
      objectReference: {fileID: 0}
    - target: {fileID: 4874403414026552, guid: 7fa9d8eb01cdfa249b9c99a66ba8d3b5, type: 3}
      propertyPath: m_LocalEulerAnglesHint.z
      value: 345.247
      objectReference: {fileID: 0}
    - target: {fileID: 4874403414026552, guid: 7fa9d8eb01cdfa249b9c99a66ba8d3b5, type: 3}
      propertyPath: m_LocalScale.x
      value: 1
      objectReference: {fileID: 0}
    - target: {fileID: 4874403414026552, guid: 7fa9d8eb01cdfa249b9c99a66ba8d3b5, type: 3}
      propertyPath: m_LocalScale.y
      value: 0.5
      objectReference: {fileID: 0}
    - target: {fileID: 4874403414026552, guid: 7fa9d8eb01cdfa249b9c99a66ba8d3b5, type: 3}
      propertyPath: m_LocalScale.z
      value: 0.5
      objectReference: {fileID: 0}
    m_RemovedComponents: []
  m_SourcePrefab: {fileID: 100100000, guid: 7fa9d8eb01cdfa249b9c99a66ba8d3b5, type: 3}
--- !u!1 &4095272418834269352 stripped
GameObject:
  m_CorrespondingSourceObject: {fileID: 1332414332305820, guid: 7fa9d8eb01cdfa249b9c99a66ba8d3b5,
    type: 3}
  m_PrefabInstance: {fileID: 4094316610887271732}
  m_PrefabAsset: {fileID: 0}
--- !u!1001 &4094316611033732035
PrefabInstance:
  m_ObjectHideFlags: 0
  serializedVersion: 2
  m_Modification:
    m_TransformParent: {fileID: 4094316611445815353}
    m_Modifications:
    - target: {fileID: 8570977208262346657, guid: a52e8b5af0be5934591349bc6bd6ec55,
        type: 3}
      propertyPath: m_Name
      value: FloatingBoatSimple
      objectReference: {fileID: 0}
    - target: {fileID: 8570977208262346684, guid: a52e8b5af0be5934591349bc6bd6ec55,
        type: 3}
      propertyPath: m_UseGravity
      value: 0
      objectReference: {fileID: 0}
    - target: {fileID: 8570977208262346684, guid: a52e8b5af0be5934591349bc6bd6ec55,
        type: 3}
      propertyPath: m_IsKinematic
      value: 1
      objectReference: {fileID: 0}
    - target: {fileID: 8570977208262346686, guid: a52e8b5af0be5934591349bc6bd6ec55,
        type: 3}
      propertyPath: m_LocalPosition.x
      value: 0
      objectReference: {fileID: 0}
    - target: {fileID: 8570977208262346686, guid: a52e8b5af0be5934591349bc6bd6ec55,
        type: 3}
      propertyPath: m_LocalPosition.y
      value: 0
      objectReference: {fileID: 0}
    - target: {fileID: 8570977208262346686, guid: a52e8b5af0be5934591349bc6bd6ec55,
        type: 3}
      propertyPath: m_LocalPosition.z
      value: 0
      objectReference: {fileID: 0}
    - target: {fileID: 8570977208262346686, guid: a52e8b5af0be5934591349bc6bd6ec55,
        type: 3}
      propertyPath: m_LocalRotation.x
      value: -0
      objectReference: {fileID: 0}
    - target: {fileID: 8570977208262346686, guid: a52e8b5af0be5934591349bc6bd6ec55,
        type: 3}
      propertyPath: m_LocalRotation.y
      value: -0.7494181
      objectReference: {fileID: 0}
    - target: {fileID: 8570977208262346686, guid: a52e8b5af0be5934591349bc6bd6ec55,
        type: 3}
      propertyPath: m_LocalRotation.z
      value: -0
      objectReference: {fileID: 0}
    - target: {fileID: 8570977208262346686, guid: a52e8b5af0be5934591349bc6bd6ec55,
        type: 3}
      propertyPath: m_LocalRotation.w
      value: 0.6620971
      objectReference: {fileID: 0}
    - target: {fileID: 8570977208262346686, guid: a52e8b5af0be5934591349bc6bd6ec55,
        type: 3}
      propertyPath: m_RootOrder
      value: 0
      objectReference: {fileID: 0}
    - target: {fileID: 8570977208262346686, guid: a52e8b5af0be5934591349bc6bd6ec55,
        type: 3}
      propertyPath: m_LocalEulerAnglesHint.x
      value: 0
      objectReference: {fileID: 0}
    - target: {fileID: 8570977208262346686, guid: a52e8b5af0be5934591349bc6bd6ec55,
        type: 3}
      propertyPath: m_LocalEulerAnglesHint.y
      value: -97.08
      objectReference: {fileID: 0}
    - target: {fileID: 8570977208262346686, guid: a52e8b5af0be5934591349bc6bd6ec55,
        type: 3}
      propertyPath: m_LocalEulerAnglesHint.z
      value: 0
      objectReference: {fileID: 0}
    - target: {fileID: 8570977209542913825, guid: a52e8b5af0be5934591349bc6bd6ec55,
        type: 3}
      propertyPath: m_Mesh
      value: 
      objectReference: {fileID: 0}
    m_RemovedComponents: []
  m_SourcePrefab: {fileID: 100100000, guid: a52e8b5af0be5934591349bc6bd6ec55, type: 3}
--- !u!1 &5630578292472403042 stripped
GameObject:
  m_CorrespondingSourceObject: {fileID: 8570977208262346657, guid: a52e8b5af0be5934591349bc6bd6ec55,
    type: 3}
  m_PrefabInstance: {fileID: 4094316611033732035}
  m_PrefabAsset: {fileID: 0}
--- !u!4 &5630578292472403069 stripped
Transform:
  m_CorrespondingSourceObject: {fileID: 8570977208262346686, guid: a52e8b5af0be5934591349bc6bd6ec55,
    type: 3}
  m_PrefabInstance: {fileID: 4094316611033732035}
  m_PrefabAsset: {fileID: 0}
--- !u!1001 &4094316611393498304
PrefabInstance:
  m_ObjectHideFlags: 0
  serializedVersion: 2
  m_Modification:
    m_TransformParent: {fileID: 5630578292472403069}
    m_Modifications:
    - target: {fileID: 1332414332305820, guid: 7fa9d8eb01cdfa249b9c99a66ba8d3b5, type: 3}
      propertyPath: m_Name
      value: Boat_paddle (1)
      objectReference: {fileID: 0}
    - target: {fileID: 1332414332305820, guid: 7fa9d8eb01cdfa249b9c99a66ba8d3b5, type: 3}
      propertyPath: m_StaticEditorFlags
      value: 0
      objectReference: {fileID: 0}
    - target: {fileID: 4874403414026552, guid: 7fa9d8eb01cdfa249b9c99a66ba8d3b5, type: 3}
      propertyPath: m_LocalPosition.x
      value: 1.173
      objectReference: {fileID: 0}
    - target: {fileID: 4874403414026552, guid: 7fa9d8eb01cdfa249b9c99a66ba8d3b5, type: 3}
      propertyPath: m_LocalPosition.y
      value: 0.71
      objectReference: {fileID: 0}
    - target: {fileID: 4874403414026552, guid: 7fa9d8eb01cdfa249b9c99a66ba8d3b5, type: 3}
      propertyPath: m_LocalPosition.z
      value: -1.235
      objectReference: {fileID: 0}
    - target: {fileID: 4874403414026552, guid: 7fa9d8eb01cdfa249b9c99a66ba8d3b5, type: 3}
      propertyPath: m_LocalRotation.x
      value: 0.17647958
      objectReference: {fileID: 0}
    - target: {fileID: 4874403414026552, guid: 7fa9d8eb01cdfa249b9c99a66ba8d3b5, type: 3}
      propertyPath: m_LocalRotation.y
      value: -0.8972201
      objectReference: {fileID: 0}
    - target: {fileID: 4874403414026552, guid: 7fa9d8eb01cdfa249b9c99a66ba8d3b5, type: 3}
      propertyPath: m_LocalRotation.z
      value: 0.02658279
      objectReference: {fileID: 0}
    - target: {fileID: 4874403414026552, guid: 7fa9d8eb01cdfa249b9c99a66ba8d3b5, type: 3}
      propertyPath: m_LocalRotation.w
      value: -0.40391144
      objectReference: {fileID: 0}
    - target: {fileID: 4874403414026552, guid: 7fa9d8eb01cdfa249b9c99a66ba8d3b5, type: 3}
      propertyPath: m_RootOrder
      value: 4
      objectReference: {fileID: 0}
    - target: {fileID: 4874403414026552, guid: 7fa9d8eb01cdfa249b9c99a66ba8d3b5, type: 3}
      propertyPath: m_LocalEulerAnglesHint.x
      value: -5.4430003
      objectReference: {fileID: 0}
    - target: {fileID: 4874403414026552, guid: 7fa9d8eb01cdfa249b9c99a66ba8d3b5, type: 3}
      propertyPath: m_LocalEulerAnglesHint.y
      value: 132.481
      objectReference: {fileID: 0}
    - target: {fileID: 4874403414026552, guid: 7fa9d8eb01cdfa249b9c99a66ba8d3b5, type: 3}
      propertyPath: m_LocalEulerAnglesHint.z
      value: 340.142
      objectReference: {fileID: 0}
    - target: {fileID: 4874403414026552, guid: 7fa9d8eb01cdfa249b9c99a66ba8d3b5, type: 3}
      propertyPath: m_LocalScale.x
      value: 1
      objectReference: {fileID: 0}
    - target: {fileID: 4874403414026552, guid: 7fa9d8eb01cdfa249b9c99a66ba8d3b5, type: 3}
      propertyPath: m_LocalScale.y
      value: 0.5
      objectReference: {fileID: 0}
    - target: {fileID: 4874403414026552, guid: 7fa9d8eb01cdfa249b9c99a66ba8d3b5, type: 3}
      propertyPath: m_LocalScale.z
      value: 0.5
      objectReference: {fileID: 0}
    m_RemovedComponents: []
  m_SourcePrefab: {fileID: 100100000, guid: 7fa9d8eb01cdfa249b9c99a66ba8d3b5, type: 3}
--- !u!1 &4095272418295131484 stripped
GameObject:
  m_CorrespondingSourceObject: {fileID: 1332414332305820, guid: 7fa9d8eb01cdfa249b9c99a66ba8d3b5,
    type: 3}
  m_PrefabInstance: {fileID: 4094316611393498304}
  m_PrefabAsset: {fileID: 0}
--- !u!1001 &4094316611426712565
PrefabInstance:
  m_ObjectHideFlags: 0
  serializedVersion: 2
  m_Modification:
    m_TransformParent: {fileID: 4094316611445815353}
    m_Modifications:
    - target: {fileID: 1053598863291003702, guid: 04ce55a6132a1904f949eb7afce27332,
        type: 3}
      propertyPath: m_LocalRotation.x
      value: -0.027945433
      objectReference: {fileID: 0}
    - target: {fileID: 1053598863291003702, guid: 04ce55a6132a1904f949eb7afce27332,
        type: 3}
      propertyPath: m_LocalRotation.y
      value: -0.02827624
      objectReference: {fileID: 0}
    - target: {fileID: 1053598863291003702, guid: 04ce55a6132a1904f949eb7afce27332,
        type: 3}
      propertyPath: m_LocalRotation.z
      value: 0.025310276
      objectReference: {fileID: 0}
    - target: {fileID: 1053598863291003702, guid: 04ce55a6132a1904f949eb7afce27332,
        type: 3}
      propertyPath: m_LocalRotation.w
      value: 0.9988889
      objectReference: {fileID: 0}
    - target: {fileID: 1053598863291003702, guid: 04ce55a6132a1904f949eb7afce27332,
        type: 3}
      propertyPath: m_LocalPosition.x
      value: -0.20149745
      objectReference: {fileID: 0}
    - target: {fileID: 1053598863291003702, guid: 04ce55a6132a1904f949eb7afce27332,
        type: 3}
      propertyPath: m_LocalPosition.y
      value: 0.00000008940677
      objectReference: {fileID: 0}
    - target: {fileID: 1053598863291003702, guid: 04ce55a6132a1904f949eb7afce27332,
        type: 3}
      propertyPath: m_LocalPosition.z
      value: -0.002177123
      objectReference: {fileID: 0}
    - target: {fileID: 1261480731108191209, guid: 04ce55a6132a1904f949eb7afce27332,
        type: 3}
      propertyPath: m_Enabled
      value: 1
      objectReference: {fileID: 0}
    - target: {fileID: 2400167851227976804, guid: 04ce55a6132a1904f949eb7afce27332,
        type: 3}
      propertyPath: m_Enabled
      value: 0
      objectReference: {fileID: 0}
    - target: {fileID: 2488090585111936077, guid: 04ce55a6132a1904f949eb7afce27332,
        type: 3}
      propertyPath: m_LocalRotation.x
      value: -0.6724929
      objectReference: {fileID: 0}
    - target: {fileID: 2488090585111936077, guid: 04ce55a6132a1904f949eb7afce27332,
        type: 3}
      propertyPath: m_LocalRotation.y
      value: 0.73910683
      objectReference: {fileID: 0}
    - target: {fileID: 2488090585111936077, guid: 04ce55a6132a1904f949eb7afce27332,
        type: 3}
      propertyPath: m_LocalRotation.z
      value: 0.03168044
      objectReference: {fileID: 0}
    - target: {fileID: 2488090585111936077, guid: 04ce55a6132a1904f949eb7afce27332,
        type: 3}
      propertyPath: m_LocalRotation.w
      value: 0.02169844
      objectReference: {fileID: 0}
    - target: {fileID: 2488090585111936077, guid: 04ce55a6132a1904f949eb7afce27332,
        type: 3}
      propertyPath: m_LocalPosition.x
      value: -0.11639198
      objectReference: {fileID: 0}
    - target: {fileID: 2488090585111936077, guid: 04ce55a6132a1904f949eb7afce27332,
        type: 3}
      propertyPath: m_LocalPosition.y
      value: 0.00000008195621
      objectReference: {fileID: 0}
    - target: {fileID: 2488090585111936077, guid: 04ce55a6132a1904f949eb7afce27332,
        type: 3}
      propertyPath: m_LocalPosition.z
      value: 0.000050967763
      objectReference: {fileID: 0}
    - target: {fileID: 2861371854186286272, guid: 04ce55a6132a1904f949eb7afce27332,
        type: 3}
      propertyPath: m_LocalRotation.x
      value: 0.015443949
      objectReference: {fileID: 0}
    - target: {fileID: 2861371854186286272, guid: 04ce55a6132a1904f949eb7afce27332,
        type: 3}
      propertyPath: m_LocalRotation.y
      value: -0.050349105
      objectReference: {fileID: 0}
    - target: {fileID: 2861371854186286272, guid: 04ce55a6132a1904f949eb7afce27332,
        type: 3}
      propertyPath: m_LocalRotation.z
      value: -0.6978471
      objectReference: {fileID: 0}
    - target: {fileID: 2861371854186286272, guid: 04ce55a6132a1904f949eb7afce27332,
        type: 3}
      propertyPath: m_LocalRotation.w
      value: -0.71430796
      objectReference: {fileID: 0}
    - target: {fileID: 2861371854186286272, guid: 04ce55a6132a1904f949eb7afce27332,
        type: 3}
      propertyPath: m_LocalPosition.x
      value: -0.0021463411
      objectReference: {fileID: 0}
    - target: {fileID: 2861371854186286272, guid: 04ce55a6132a1904f949eb7afce27332,
        type: 3}
      propertyPath: m_LocalPosition.y
      value: 0.07107645
      objectReference: {fileID: 0}
    - target: {fileID: 2861371854186286272, guid: 04ce55a6132a1904f949eb7afce27332,
        type: 3}
      propertyPath: m_LocalPosition.z
      value: -0.52127177
      objectReference: {fileID: 0}
    - target: {fileID: 2901906878372082374, guid: 04ce55a6132a1904f949eb7afce27332,
        type: 3}
      propertyPath: m_LocalRotation.x
      value: 4.365574e-11
      objectReference: {fileID: 0}
    - target: {fileID: 2901906878372082374, guid: 04ce55a6132a1904f949eb7afce27332,
        type: 3}
      propertyPath: m_LocalRotation.y
      value: -0.000000009546055
      objectReference: {fileID: 0}
    - target: {fileID: 2901906878372082374, guid: 04ce55a6132a1904f949eb7afce27332,
        type: 3}
      propertyPath: m_LocalRotation.z
      value: -0.00000000791624
      objectReference: {fileID: 0}
    - target: {fileID: 2901906878372082374, guid: 04ce55a6132a1904f949eb7afce27332,
        type: 3}
      propertyPath: m_LocalRotation.w
      value: 1
      objectReference: {fileID: 0}
    - target: {fileID: 2901906878372082374, guid: 04ce55a6132a1904f949eb7afce27332,
        type: 3}
      propertyPath: m_LocalPosition.x
      value: -0.30000013
      objectReference: {fileID: 0}
    - target: {fileID: 2901906878372082374, guid: 04ce55a6132a1904f949eb7afce27332,
        type: 3}
      propertyPath: m_LocalPosition.y
      value: 0
      objectReference: {fileID: 0}
    - target: {fileID: 2901906878372082374, guid: 04ce55a6132a1904f949eb7afce27332,
        type: 3}
      propertyPath: m_LocalPosition.z
      value: 0.000000016530977
      objectReference: {fileID: 0}
    - target: {fileID: 3309982922417933977, guid: 04ce55a6132a1904f949eb7afce27332,
        type: 3}
      propertyPath: m_LocalRotation.x
      value: 0.04656491
      objectReference: {fileID: 0}
    - target: {fileID: 3309982922417933977, guid: 04ce55a6132a1904f949eb7afce27332,
        type: 3}
      propertyPath: m_LocalRotation.y
      value: -0.88168555
      objectReference: {fileID: 0}
    - target: {fileID: 3309982922417933977, guid: 04ce55a6132a1904f949eb7afce27332,
        type: 3}
      propertyPath: m_LocalRotation.z
      value: -0.036307517
      objectReference: {fileID: 0}
    - target: {fileID: 3309982922417933977, guid: 04ce55a6132a1904f949eb7afce27332,
        type: 3}
      propertyPath: m_LocalRotation.w
      value: 0.46812823
      objectReference: {fileID: 0}
    - target: {fileID: 3309982922417933977, guid: 04ce55a6132a1904f949eb7afce27332,
        type: 3}
      propertyPath: m_LocalPosition.x
      value: -0.46436384
      objectReference: {fileID: 0}
    - target: {fileID: 3309982922417933977, guid: 04ce55a6132a1904f949eb7afce27332,
        type: 3}
      propertyPath: m_LocalPosition.y
      value: -0.000030018418
      objectReference: {fileID: 0}
    - target: {fileID: 3309982922417933977, guid: 04ce55a6132a1904f949eb7afce27332,
        type: 3}
      propertyPath: m_LocalPosition.z
      value: 0.0000020787131
      objectReference: {fileID: 0}
    - target: {fileID: 3610692326307868383, guid: 04ce55a6132a1904f949eb7afce27332,
        type: 3}
      propertyPath: m_LocalRotation.y
      value: 0.000000059604638
      objectReference: {fileID: 0}
    - target: {fileID: 3610692326307868383, guid: 04ce55a6132a1904f949eb7afce27332,
        type: 3}
      propertyPath: m_LocalRotation.z
      value: -0.000000027939674
      objectReference: {fileID: 0}
    - target: {fileID: 3610692326307868383, guid: 04ce55a6132a1904f949eb7afce27332,
        type: 3}
      propertyPath: m_LocalRotation.w
      value: 0.69529873
      objectReference: {fileID: 0}
    - target: {fileID: 3610692326307868383, guid: 04ce55a6132a1904f949eb7afce27332,
        type: 3}
      propertyPath: m_LocalPosition.x
      value: 0.000024984362
      objectReference: {fileID: 0}
    - target: {fileID: 3610692326307868383, guid: 04ce55a6132a1904f949eb7afce27332,
        type: 3}
      propertyPath: m_LocalPosition.y
      value: 0.95586675
      objectReference: {fileID: 0}
    - target: {fileID: 3610692326307868383, guid: 04ce55a6132a1904f949eb7afce27332,
        type: 3}
      propertyPath: m_LocalPosition.z
      value: -0.0000311397
      objectReference: {fileID: 0}
    - target: {fileID: 3610692326307868383, guid: 04ce55a6132a1904f949eb7afce27332,
        type: 3}
      propertyPath: m_LocalRotation.x
      value: -0.7187209
      objectReference: {fileID: 0}
    - target: {fileID: 3909855736597969658, guid: 04ce55a6132a1904f949eb7afce27332,
        type: 3}
      propertyPath: m_LocalRotation.x
      value: 0.6498929
      objectReference: {fileID: 0}
    - target: {fileID: 3909855736597969658, guid: 04ce55a6132a1904f949eb7afce27332,
        type: 3}
      propertyPath: m_LocalRotation.y
      value: 0.41495264
      objectReference: {fileID: 0}
    - target: {fileID: 3909855736597969658, guid: 04ce55a6132a1904f949eb7afce27332,
        type: 3}
      propertyPath: m_LocalRotation.z
      value: -0.39021334
      objectReference: {fileID: 0}
    - target: {fileID: 3909855736597969658, guid: 04ce55a6132a1904f949eb7afce27332,
        type: 3}
      propertyPath: m_LocalRotation.w
      value: 0.503177
      objectReference: {fileID: 0}
    - target: {fileID: 3909855736597969658, guid: 04ce55a6132a1904f949eb7afce27332,
        type: 3}
      propertyPath: m_LocalPosition.x
      value: -0.4246242
      objectReference: {fileID: 0}
    - target: {fileID: 3909855736597969658, guid: 04ce55a6132a1904f949eb7afce27332,
        type: 3}
      propertyPath: m_LocalPosition.y
      value: -0.000000119209275
      objectReference: {fileID: 0}
    - target: {fileID: 3909855736597969658, guid: 04ce55a6132a1904f949eb7afce27332,
        type: 3}
      propertyPath: m_LocalPosition.z
      value: -0.00000006705529
      objectReference: {fileID: 0}
    - target: {fileID: 3972923464886047219, guid: 04ce55a6132a1904f949eb7afce27332,
        type: 3}
      propertyPath: m_LocalRotation.x
      value: -0.05216083
      objectReference: {fileID: 0}
    - target: {fileID: 3972923464886047219, guid: 04ce55a6132a1904f949eb7afce27332,
        type: 3}
      propertyPath: m_LocalRotation.y
      value: -0.011692149
      objectReference: {fileID: 0}
    - target: {fileID: 3972923464886047219, guid: 04ce55a6132a1904f949eb7afce27332,
        type: 3}
      propertyPath: m_LocalRotation.z
      value: -0.39275026
      objectReference: {fileID: 0}
    - target: {fileID: 3972923464886047219, guid: 04ce55a6132a1904f949eb7afce27332,
        type: 3}
      propertyPath: m_LocalPosition.x
      value: -0.11397194
      objectReference: {fileID: 0}
    - target: {fileID: 3972923464886047219, guid: 04ce55a6132a1904f949eb7afce27332,
        type: 3}
      propertyPath: m_LocalPosition.y
      value: 0.000000007450573
      objectReference: {fileID: 0}
    - target: {fileID: 3972923464886047219, guid: 04ce55a6132a1904f949eb7afce27332,
        type: 3}
      propertyPath: m_LocalPosition.z
      value: -0.0000027045594
      objectReference: {fileID: 0}
    - target: {fileID: 4179459384078851562, guid: 04ce55a6132a1904f949eb7afce27332,
        type: 3}
      propertyPath: m_LocalEulerAnglesHint.y
      value: 0
      objectReference: {fileID: 0}
    - target: {fileID: 4179459384078851562, guid: 04ce55a6132a1904f949eb7afce27332,
        type: 3}
      propertyPath: m_LocalEulerAnglesHint.z
      value: 0
      objectReference: {fileID: 0}
    - target: {fileID: 4179459384078851562, guid: 04ce55a6132a1904f949eb7afce27332,
        type: 3}
      propertyPath: m_LocalEulerAnglesHint.x
      value: -6.5290003
      objectReference: {fileID: 0}
    - target: {fileID: 4179459384078851562, guid: 04ce55a6132a1904f949eb7afce27332,
        type: 3}
      propertyPath: m_LocalRotation.x
      value: -0.1946192
      objectReference: {fileID: 0}
    - target: {fileID: 4179459384078851562, guid: 04ce55a6132a1904f949eb7afce27332,
        type: 3}
      propertyPath: m_LocalRotation.y
      value: 0.0113454135
      objectReference: {fileID: 0}
    - target: {fileID: 4179459384078851562, guid: 04ce55a6132a1904f949eb7afce27332,
        type: 3}
      propertyPath: m_LocalRotation.z
      value: -0.040262345
      objectReference: {fileID: 0}
    - target: {fileID: 4179459384078851562, guid: 04ce55a6132a1904f949eb7afce27332,
        type: 3}
      propertyPath: m_LocalRotation.w
      value: 0.97998655
      objectReference: {fileID: 0}
    - target: {fileID: 4179459384078851562, guid: 04ce55a6132a1904f949eb7afce27332,
        type: 3}
      propertyPath: m_LocalPosition.x
      value: -0.1244967
      objectReference: {fileID: 0}
    - target: {fileID: 4179459384078851562, guid: 04ce55a6132a1904f949eb7afce27332,
        type: 3}
      propertyPath: m_LocalPosition.y
      value: -0.43606946
      objectReference: {fileID: 0}
    - target: {fileID: 4179459384078851562, guid: 04ce55a6132a1904f949eb7afce27332,
        type: 3}
      propertyPath: m_LocalPosition.z
      value: 0.7299186
      objectReference: {fileID: 0}
    - target: {fileID: 4209848086694006220, guid: 04ce55a6132a1904f949eb7afce27332,
        type: 3}
      propertyPath: m_LocalRotation.x
      value: -0.019638045
      objectReference: {fileID: 0}
    - target: {fileID: 4209848086694006220, guid: 04ce55a6132a1904f949eb7afce27332,
        type: 3}
      propertyPath: m_LocalRotation.y
      value: 0.0012644379
      objectReference: {fileID: 0}
    - target: {fileID: 4209848086694006220, guid: 04ce55a6132a1904f949eb7afce27332,
        type: 3}
      propertyPath: m_LocalRotation.z
      value: -0.11476444
      objectReference: {fileID: 0}
    - target: {fileID: 4209848086694006220, guid: 04ce55a6132a1904f949eb7afce27332,
        type: 3}
      propertyPath: m_LocalRotation.w
      value: -0.99319786
      objectReference: {fileID: 0}
    - target: {fileID: 4209848086694006220, guid: 04ce55a6132a1904f949eb7afce27332,
        type: 3}
      propertyPath: m_LocalPosition.x
      value: 0.0000120941595
      objectReference: {fileID: 0}
    - target: {fileID: 4209848086694006220, guid: 04ce55a6132a1904f949eb7afce27332,
        type: 3}
      propertyPath: m_LocalPosition.y
      value: -0.13925004
      objectReference: {fileID: 0}
    - target: {fileID: 4209848086694006220, guid: 04ce55a6132a1904f949eb7afce27332,
        type: 3}
      propertyPath: m_LocalPosition.z
      value: 0.025197856
      objectReference: {fileID: 0}
    - target: {fileID: 4822760289723810505, guid: 04ce55a6132a1904f949eb7afce27332,
        type: 3}
      propertyPath: m_Enabled
      value: 0
      objectReference: {fileID: 0}
    - target: {fileID: 5068359385502104345, guid: 04ce55a6132a1904f949eb7afce27332,
        type: 3}
      propertyPath: m_LocalRotation.x
      value: -0
      objectReference: {fileID: 0}
    - target: {fileID: 5068359385502104345, guid: 04ce55a6132a1904f949eb7afce27332,
        type: 3}
      propertyPath: m_LocalPosition.x
      value: 0
      objectReference: {fileID: 0}
    - target: {fileID: 5068359385502104345, guid: 04ce55a6132a1904f949eb7afce27332,
        type: 3}
      propertyPath: m_LocalRotation.y
      value: -0
      objectReference: {fileID: 0}
    - target: {fileID: 5068359385502104345, guid: 04ce55a6132a1904f949eb7afce27332,
        type: 3}
      propertyPath: m_LocalRotation.w
      value: 1
      objectReference: {fileID: 0}
    - target: {fileID: 5068359385502104345, guid: 04ce55a6132a1904f949eb7afce27332,
        type: 3}
      propertyPath: m_LocalPosition.y
      value: 0
      objectReference: {fileID: 0}
    - target: {fileID: 5068359385502104345, guid: 04ce55a6132a1904f949eb7afce27332,
        type: 3}
      propertyPath: m_LocalPosition.z
      value: 0
      objectReference: {fileID: 0}
    - target: {fileID: 5282990728924263552, guid: 04ce55a6132a1904f949eb7afce27332,
        type: 3}
      propertyPath: m_Name
      value: PlayerCopy
      objectReference: {fileID: 0}
    - target: {fileID: 5282990728924263552, guid: 04ce55a6132a1904f949eb7afce27332,
        type: 3}
      propertyPath: m_IsActive
      value: 1
      objectReference: {fileID: 0}
    - target: {fileID: 5349638642416165077, guid: 04ce55a6132a1904f949eb7afce27332,
        type: 3}
      propertyPath: m_LocalRotation.x
      value: -0.3444439
      objectReference: {fileID: 0}
    - target: {fileID: 5349638642416165077, guid: 04ce55a6132a1904f949eb7afce27332,
        type: 3}
      propertyPath: m_LocalRotation.y
      value: 0.58479685
      objectReference: {fileID: 0}
    - target: {fileID: 5349638642416165077, guid: 04ce55a6132a1904f949eb7afce27332,
        type: 3}
      propertyPath: m_LocalRotation.z
      value: 0.2816657
      objectReference: {fileID: 0}
    - target: {fileID: 5349638642416165077, guid: 04ce55a6132a1904f949eb7afce27332,
        type: 3}
      propertyPath: m_LocalRotation.w
      value: 0.67825913
      objectReference: {fileID: 0}
    - target: {fileID: 5349638642416165077, guid: 04ce55a6132a1904f949eb7afce27332,
        type: 3}
      propertyPath: m_LocalPosition.x
      value: -0.33934888
      objectReference: {fileID: 0}
    - target: {fileID: 5349638642416165077, guid: 04ce55a6132a1904f949eb7afce27332,
        type: 3}
      propertyPath: m_LocalPosition.y
      value: -0.00000005014203
      objectReference: {fileID: 0}
    - target: {fileID: 5349638642416165077, guid: 04ce55a6132a1904f949eb7afce27332,
        type: 3}
      propertyPath: m_LocalPosition.z
      value: 0.0000000015715963
      objectReference: {fileID: 0}
    - target: {fileID: 5460919597910168836, guid: 04ce55a6132a1904f949eb7afce27332,
        type: 3}
      propertyPath: m_LocalRotation.x
      value: -0.052160777
      objectReference: {fileID: 0}
    - target: {fileID: 5460919597910168836, guid: 04ce55a6132a1904f949eb7afce27332,
        type: 3}
      propertyPath: m_LocalRotation.y
      value: -0.011691867
      objectReference: {fileID: 0}
    - target: {fileID: 5460919597910168836, guid: 04ce55a6132a1904f949eb7afce27332,
        type: 3}
      propertyPath: m_LocalRotation.z
      value: -0.39275014
      objectReference: {fileID: 0}
    - target: {fileID: 5460919597910168836, guid: 04ce55a6132a1904f949eb7afce27332,
        type: 3}
      propertyPath: m_LocalPosition.x
      value: -0.11397195
      objectReference: {fileID: 0}
    - target: {fileID: 5460919597910168836, guid: 04ce55a6132a1904f949eb7afce27332,
        type: 3}
      propertyPath: m_LocalPosition.y
      value: 0.00000003725286
      objectReference: {fileID: 0}
    - target: {fileID: 5460919597910168836, guid: 04ce55a6132a1904f949eb7afce27332,
        type: 3}
      propertyPath: m_LocalPosition.z
      value: -0.000002700825
      objectReference: {fileID: 0}
    - target: {fileID: 5640039431927190823, guid: 04ce55a6132a1904f949eb7afce27332,
        type: 3}
      propertyPath: m_LocalRotation.x
      value: -0.8079197
      objectReference: {fileID: 0}
    - target: {fileID: 5640039431927190823, guid: 04ce55a6132a1904f949eb7afce27332,
        type: 3}
      propertyPath: m_LocalRotation.y
      value: 0.016617456
      objectReference: {fileID: 0}
    - target: {fileID: 5640039431927190823, guid: 04ce55a6132a1904f949eb7afce27332,
        type: 3}
      propertyPath: m_LocalRotation.z
      value: 0.5886255
      objectReference: {fileID: 0}
    - target: {fileID: 5640039431927190823, guid: 04ce55a6132a1904f949eb7afce27332,
        type: 3}
      propertyPath: m_LocalRotation.w
      value: 0.02257734
      objectReference: {fileID: 0}
    - target: {fileID: 5640039431927190823, guid: 04ce55a6132a1904f949eb7afce27332,
        type: 3}
      propertyPath: m_LocalPosition.x
      value: 0.000000044703494
      objectReference: {fileID: 0}
    - target: {fileID: 5640039431927190823, guid: 04ce55a6132a1904f949eb7afce27332,
        type: 3}
      propertyPath: m_LocalPosition.z
      value: 7.1054274e-15
      objectReference: {fileID: 0}
    - target: {fileID: 5995819659498417009, guid: 04ce55a6132a1904f949eb7afce27332,
        type: 3}
      propertyPath: m_LocalRotation.x
      value: -0.036499687
      objectReference: {fileID: 0}
    - target: {fileID: 5995819659498417009, guid: 04ce55a6132a1904f949eb7afce27332,
        type: 3}
      propertyPath: m_LocalRotation.y
      value: -0.19139165
      objectReference: {fileID: 0}
    - target: {fileID: 5995819659498417009, guid: 04ce55a6132a1904f949eb7afce27332,
        type: 3}
      propertyPath: m_LocalRotation.z
      value: -0.051943265
      objectReference: {fileID: 0}
    - target: {fileID: 5995819659498417009, guid: 04ce55a6132a1904f949eb7afce27332,
        type: 3}
      propertyPath: m_LocalRotation.w
      value: 0.9794586
      objectReference: {fileID: 0}
    - target: {fileID: 5995819659498417009, guid: 04ce55a6132a1904f949eb7afce27332,
        type: 3}
      propertyPath: m_LocalPosition.x
      value: -0.10000006
      objectReference: {fileID: 0}
    - target: {fileID: 5995819659498417009, guid: 04ce55a6132a1904f949eb7afce27332,
        type: 3}
      propertyPath: m_LocalPosition.y
      value: -0.0000059827967
      objectReference: {fileID: 0}
    - target: {fileID: 5995819659498417009, guid: 04ce55a6132a1904f949eb7afce27332,
        type: 3}
      propertyPath: m_LocalPosition.z
      value: 0.000000015366805
      objectReference: {fileID: 0}
    - target: {fileID: 6429309028276621432, guid: 04ce55a6132a1904f949eb7afce27332,
        type: 3}
      propertyPath: m_LocalRotation.x
      value: -0.5736108
      objectReference: {fileID: 0}
    - target: {fileID: 6429309028276621432, guid: 04ce55a6132a1904f949eb7afce27332,
        type: 3}
      propertyPath: m_LocalRotation.y
      value: -0.43639848
      objectReference: {fileID: 0}
    - target: {fileID: 6429309028276621432, guid: 04ce55a6132a1904f949eb7afce27332,
        type: 3}
      propertyPath: m_LocalRotation.z
      value: 0.48449552
      objectReference: {fileID: 0}
    - target: {fileID: 6429309028276621432, guid: 04ce55a6132a1904f949eb7afce27332,
        type: 3}
      propertyPath: m_LocalRotation.w
      value: -0.49577335
      objectReference: {fileID: 0}
    - target: {fileID: 6429309028276621432, guid: 04ce55a6132a1904f949eb7afce27332,
        type: 3}
      propertyPath: m_LocalPosition.x
      value: -0.4246242
      objectReference: {fileID: 0}
    - target: {fileID: 6429309028276621432, guid: 04ce55a6132a1904f949eb7afce27332,
        type: 3}
      propertyPath: m_LocalPosition.y
      value: -0.00000011920926
      objectReference: {fileID: 0}
    - target: {fileID: 6429309028276621432, guid: 04ce55a6132a1904f949eb7afce27332,
        type: 3}
      propertyPath: m_LocalPosition.z
      value: -0.000000029802239
      objectReference: {fileID: 0}
    - target: {fileID: 6465091607842625425, guid: 04ce55a6132a1904f949eb7afce27332,
        type: 3}
      propertyPath: m_LocalRotation.x
      value: 0.009899912
      objectReference: {fileID: 0}
    - target: {fileID: 6465091607842625425, guid: 04ce55a6132a1904f949eb7afce27332,
        type: 3}
      propertyPath: m_LocalRotation.y
      value: 0.0013587174
      objectReference: {fileID: 0}
    - target: {fileID: 6465091607842625425, guid: 04ce55a6132a1904f949eb7afce27332,
        type: 3}
      propertyPath: m_LocalRotation.z
      value: 0.013876931
      objectReference: {fileID: 0}
    - target: {fileID: 6465091607842625425, guid: 04ce55a6132a1904f949eb7afce27332,
        type: 3}
      propertyPath: m_LocalRotation.w
      value: 0.9998538
      objectReference: {fileID: 0}
    - target: {fileID: 6465091607842625425, guid: 04ce55a6132a1904f949eb7afce27332,
        type: 3}
      propertyPath: m_LocalPosition.x
      value: -0.20000008
      objectReference: {fileID: 0}
    - target: {fileID: 6465091607842625425, guid: 04ce55a6132a1904f949eb7afce27332,
        type: 3}
      propertyPath: m_LocalPosition.y
      value: 0.0000000298023
      objectReference: {fileID: 0}
    - target: {fileID: 6465091607842625425, guid: 04ce55a6132a1904f949eb7afce27332,
        type: 3}
      propertyPath: m_LocalPosition.z
      value: 0.00000002793968
      objectReference: {fileID: 0}
    - target: {fileID: 6535423430380717240, guid: 04ce55a6132a1904f949eb7afce27332,
        type: 3}
      propertyPath: m_LocalRotation.x
      value: 0.031680517
      objectReference: {fileID: 0}
    - target: {fileID: 6535423430380717240, guid: 04ce55a6132a1904f949eb7afce27332,
        type: 3}
      propertyPath: m_LocalRotation.y
      value: 0.021698872
      objectReference: {fileID: 0}
    - target: {fileID: 6535423430380717240, guid: 04ce55a6132a1904f949eb7afce27332,
        type: 3}
      propertyPath: m_LocalRotation.z
      value: 0.67249304
      objectReference: {fileID: 0}
    - target: {fileID: 6535423430380717240, guid: 04ce55a6132a1904f949eb7afce27332,
        type: 3}
      propertyPath: m_LocalRotation.w
      value: -0.7391067
      objectReference: {fileID: 0}
    - target: {fileID: 6535423430380717240, guid: 04ce55a6132a1904f949eb7afce27332,
        type: 3}
      propertyPath: m_LocalPosition.x
      value: -0.11639198
      objectReference: {fileID: 0}
    - target: {fileID: 6535423430380717240, guid: 04ce55a6132a1904f949eb7afce27332,
        type: 3}
      propertyPath: m_LocalPosition.y
      value: 0.00000008195621
      objectReference: {fileID: 0}
    - target: {fileID: 6535423430380717240, guid: 04ce55a6132a1904f949eb7afce27332,
        type: 3}
      propertyPath: m_LocalPosition.z
      value: 0.000050967763
      objectReference: {fileID: 0}
    - target: {fileID: 7432154087612518887, guid: 04ce55a6132a1904f949eb7afce27332,
        type: 3}
      propertyPath: m_LocalRotation.x
      value: -0.3521961
      objectReference: {fileID: 0}
    - target: {fileID: 7432154087612518887, guid: 04ce55a6132a1904f949eb7afce27332,
        type: 3}
      propertyPath: m_LocalRotation.y
      value: 0.034513768
      objectReference: {fileID: 0}
    - target: {fileID: 7432154087612518887, guid: 04ce55a6132a1904f949eb7afce27332,
        type: 3}
      propertyPath: m_LocalRotation.z
      value: 0.13312672
      objectReference: {fileID: 0}
    - target: {fileID: 7432154087612518887, guid: 04ce55a6132a1904f949eb7afce27332,
        type: 3}
      propertyPath: m_LocalRotation.w
      value: 0.9257667
      objectReference: {fileID: 0}
    - target: {fileID: 7432154087612518887, guid: 04ce55a6132a1904f949eb7afce27332,
        type: 3}
      propertyPath: m_LocalPosition.x
      value: -0.31188318
      objectReference: {fileID: 0}
    - target: {fileID: 7432154087612518887, guid: 04ce55a6132a1904f949eb7afce27332,
        type: 3}
      propertyPath: m_LocalPosition.y
      value: 0.00027390986
      objectReference: {fileID: 0}
    - target: {fileID: 7432154087612518887, guid: 04ce55a6132a1904f949eb7afce27332,
        type: 3}
      propertyPath: m_LocalPosition.z
      value: 0.0034381247
      objectReference: {fileID: 0}
    - target: {fileID: 7628770452903204263, guid: 04ce55a6132a1904f949eb7afce27332,
        type: 3}
      propertyPath: m_Enabled
      value: 0
      objectReference: {fileID: 0}
    - target: {fileID: 7900546390410908403, guid: 04ce55a6132a1904f949eb7afce27332,
        type: 3}
      propertyPath: m_LocalRotation.x
      value: -0.12967463
      objectReference: {fileID: 0}
    - target: {fileID: 7900546390410908403, guid: 04ce55a6132a1904f949eb7afce27332,
        type: 3}
      propertyPath: m_LocalRotation.y
      value: 0.6575435
      objectReference: {fileID: 0}
    - target: {fileID: 7900546390410908403, guid: 04ce55a6132a1904f949eb7afce27332,
        type: 3}
      propertyPath: m_LocalRotation.z
      value: 0.12713172
      objectReference: {fileID: 0}
    - target: {fileID: 7900546390410908403, guid: 04ce55a6132a1904f949eb7afce27332,
        type: 3}
      propertyPath: m_LocalRotation.w
      value: 0.7312036
      objectReference: {fileID: 0}
    - target: {fileID: 7900546390410908403, guid: 04ce55a6132a1904f949eb7afce27332,
        type: 3}
      propertyPath: m_LocalPosition.x
      value: -0.33934966
      objectReference: {fileID: 0}
    - target: {fileID: 7900546390410908403, guid: 04ce55a6132a1904f949eb7afce27332,
        type: 3}
      propertyPath: m_LocalPosition.y
      value: -0.000000059604464
      objectReference: {fileID: 0}
    - target: {fileID: 7900546390410908403, guid: 04ce55a6132a1904f949eb7afce27332,
        type: 3}
      propertyPath: m_LocalPosition.z
      value: 0.00000004014141
      objectReference: {fileID: 0}
    - target: {fileID: 7912667449447244303, guid: 04ce55a6132a1904f949eb7afce27332,
        type: 3}
      propertyPath: m_LocalRotation.x
      value: 0.0030034133
      objectReference: {fileID: 0}
    - target: {fileID: 7912667449447244303, guid: 04ce55a6132a1904f949eb7afce27332,
        type: 3}
      propertyPath: m_LocalRotation.y
      value: 0.31839672
      objectReference: {fileID: 0}
    - target: {fileID: 7912667449447244303, guid: 04ce55a6132a1904f949eb7afce27332,
        type: 3}
      propertyPath: m_LocalRotation.z
      value: -0.42296818
      objectReference: {fileID: 0}
    - target: {fileID: 7912667449447244303, guid: 04ce55a6132a1904f949eb7afce27332,
        type: 3}
      propertyPath: m_LocalRotation.w
      value: 0.8483587
      objectReference: {fileID: 0}
    - target: {fileID: 7912667449447244303, guid: 04ce55a6132a1904f949eb7afce27332,
        type: 3}
      propertyPath: m_LocalPosition.x
      value: -0.19525667
      objectReference: {fileID: 0}
    - target: {fileID: 7912667449447244303, guid: 04ce55a6132a1904f949eb7afce27332,
        type: 3}
      propertyPath: m_LocalPosition.y
      value: -0.00000004097802
      objectReference: {fileID: 0}
    - target: {fileID: 7912667449447244303, guid: 04ce55a6132a1904f949eb7afce27332,
        type: 3}
      propertyPath: m_LocalPosition.z
      value: -0.000000030006024
      objectReference: {fileID: 0}
    - target: {fileID: 8360096470675390752, guid: 04ce55a6132a1904f949eb7afce27332,
        type: 3}
      propertyPath: m_LocalRotation.x
      value: 0.15253964
      objectReference: {fileID: 0}
    - target: {fileID: 8360096470675390752, guid: 04ce55a6132a1904f949eb7afce27332,
        type: 3}
      propertyPath: m_LocalRotation.y
      value: 0.98763555
      objectReference: {fileID: 0}
    - target: {fileID: 8360096470675390752, guid: 04ce55a6132a1904f949eb7afce27332,
        type: 3}
      propertyPath: m_LocalRotation.z
      value: 0.0073900935
      objectReference: {fileID: 0}
    - target: {fileID: 8360096470675390752, guid: 04ce55a6132a1904f949eb7afce27332,
        type: 3}
      propertyPath: m_LocalRotation.w
      value: 0.035400927
      objectReference: {fileID: 0}
    - target: {fileID: 8360096470675390752, guid: 04ce55a6132a1904f949eb7afce27332,
        type: 3}
      propertyPath: m_LocalPosition.x
      value: -0.000021897264
      objectReference: {fileID: 0}
    - target: {fileID: 8360096470675390752, guid: 04ce55a6132a1904f949eb7afce27332,
        type: 3}
      propertyPath: m_LocalPosition.y
      value: 0.13928601
      objectReference: {fileID: 0}
    - target: {fileID: 8360096470675390752, guid: 04ce55a6132a1904f949eb7afce27332,
        type: 3}
      propertyPath: m_LocalPosition.z
      value: 0.025193438
      objectReference: {fileID: 0}
    - target: {fileID: 8759386933648590630, guid: 04ce55a6132a1904f949eb7afce27332,
        type: 3}
      propertyPath: m_LocalRotation.x
      value: 0.043156937
      objectReference: {fileID: 0}
    - target: {fileID: 8759386933648590630, guid: 04ce55a6132a1904f949eb7afce27332,
        type: 3}
      propertyPath: m_LocalRotation.y
      value: 0.43569183
      objectReference: {fileID: 0}
    - target: {fileID: 8759386933648590630, guid: 04ce55a6132a1904f949eb7afce27332,
        type: 3}
      propertyPath: m_LocalRotation.z
      value: -0.3871431
      objectReference: {fileID: 0}
    - target: {fileID: 8759386933648590630, guid: 04ce55a6132a1904f949eb7afce27332,
        type: 3}
      propertyPath: m_LocalRotation.w
      value: 0.8114372
      objectReference: {fileID: 0}
    - target: {fileID: 8759386933648590630, guid: 04ce55a6132a1904f949eb7afce27332,
        type: 3}
      propertyPath: m_LocalPosition.x
      value: -0.19525655
      objectReference: {fileID: 0}
    - target: {fileID: 8759386933648590630, guid: 04ce55a6132a1904f949eb7afce27332,
        type: 3}
      propertyPath: m_LocalPosition.y
      value: -0.00000011763737
      objectReference: {fileID: 0}
    - target: {fileID: 8759386933648590630, guid: 04ce55a6132a1904f949eb7afce27332,
        type: 3}
      propertyPath: m_LocalPosition.z
      value: -0.000000022351681
      objectReference: {fileID: 0}
    - target: {fileID: 8772336755893260461, guid: 04ce55a6132a1904f949eb7afce27332,
        type: 3}
      propertyPath: m_LocalRotation.x
      value: -0.0128335655
      objectReference: {fileID: 0}
    - target: {fileID: 8772336755893260461, guid: 04ce55a6132a1904f949eb7afce27332,
        type: 3}
      propertyPath: m_LocalRotation.y
      value: 0.8853803
      objectReference: {fileID: 0}
    - target: {fileID: 8772336755893260461, guid: 04ce55a6132a1904f949eb7afce27332,
        type: 3}
      propertyPath: m_LocalRotation.z
      value: 0.08699055
      objectReference: {fileID: 0}
    - target: {fileID: 8772336755893260461, guid: 04ce55a6132a1904f949eb7afce27332,
        type: 3}
      propertyPath: m_LocalRotation.w
      value: -0.45647532
      objectReference: {fileID: 0}
    - target: {fileID: 8772336755893260461, guid: 04ce55a6132a1904f949eb7afce27332,
        type: 3}
      propertyPath: m_LocalPosition.x
      value: -0.46434528
      objectReference: {fileID: 0}
    - target: {fileID: 8772336755893260461, guid: 04ce55a6132a1904f949eb7afce27332,
        type: 3}
      propertyPath: m_LocalPosition.y
      value: -0.0000041127223
      objectReference: {fileID: 0}
    - target: {fileID: 8772336755893260461, guid: 04ce55a6132a1904f949eb7afce27332,
        type: 3}
      propertyPath: m_LocalPosition.z
      value: -0.0000035166722
      objectReference: {fileID: 0}
    - target: {fileID: 8826510579468355808, guid: 04ce55a6132a1904f949eb7afce27332,
        type: 3}
      propertyPath: m_LocalRotation.x
      value: -0.092748
      objectReference: {fileID: 0}
    - target: {fileID: 8826510579468355808, guid: 04ce55a6132a1904f949eb7afce27332,
        type: 3}
      propertyPath: m_LocalRotation.y
      value: -0.03583824
      objectReference: {fileID: 0}
    - target: {fileID: 8826510579468355808, guid: 04ce55a6132a1904f949eb7afce27332,
        type: 3}
      propertyPath: m_LocalRotation.z
      value: 0.08290297
      objectReference: {fileID: 0}
    - target: {fileID: 8826510579468355808, guid: 04ce55a6132a1904f949eb7afce27332,
        type: 3}
      propertyPath: m_LocalRotation.w
      value: 0.99158484
      objectReference: {fileID: 0}
    - target: {fileID: 8826510579468355808, guid: 04ce55a6132a1904f949eb7afce27332,
        type: 3}
      propertyPath: m_LocalPosition.x
      value: -0.3118835
      objectReference: {fileID: 0}
    - target: {fileID: 8826510579468355808, guid: 04ce55a6132a1904f949eb7afce27332,
        type: 3}
      propertyPath: m_LocalPosition.y
      value: 0.00027393518
      objectReference: {fileID: 0}
    - target: {fileID: 8826510579468355808, guid: 04ce55a6132a1904f949eb7afce27332,
        type: 3}
      propertyPath: m_LocalPosition.z
      value: 0.0034381552
      objectReference: {fileID: 0}
    - target: {fileID: 9154601755934230163, guid: 04ce55a6132a1904f949eb7afce27332,
        type: 3}
      propertyPath: m_LocalPosition.x
      value: 1.848
      objectReference: {fileID: 0}
    - target: {fileID: 9154601755934230163, guid: 04ce55a6132a1904f949eb7afce27332,
        type: 3}
      propertyPath: m_LocalPosition.y
      value: 0
      objectReference: {fileID: 0}
    - target: {fileID: 9154601755934230163, guid: 04ce55a6132a1904f949eb7afce27332,
        type: 3}
      propertyPath: m_LocalPosition.z
      value: 0
      objectReference: {fileID: 0}
    - target: {fileID: 9154601755934230163, guid: 04ce55a6132a1904f949eb7afce27332,
        type: 3}
      propertyPath: m_LocalRotation.x
      value: 0
      objectReference: {fileID: 0}
    - target: {fileID: 9154601755934230163, guid: 04ce55a6132a1904f949eb7afce27332,
        type: 3}
      propertyPath: m_LocalRotation.y
      value: 0
      objectReference: {fileID: 0}
    - target: {fileID: 9154601755934230163, guid: 04ce55a6132a1904f949eb7afce27332,
        type: 3}
      propertyPath: m_LocalRotation.z
      value: 0
      objectReference: {fileID: 0}
    - target: {fileID: 9154601755934230163, guid: 04ce55a6132a1904f949eb7afce27332,
        type: 3}
      propertyPath: m_LocalRotation.w
      value: 1
      objectReference: {fileID: 0}
    - target: {fileID: 9154601755934230163, guid: 04ce55a6132a1904f949eb7afce27332,
        type: 3}
      propertyPath: m_RootOrder
      value: 1
      objectReference: {fileID: 0}
    - target: {fileID: 9154601755934230163, guid: 04ce55a6132a1904f949eb7afce27332,
        type: 3}
      propertyPath: m_LocalEulerAnglesHint.x
      value: 0
      objectReference: {fileID: 0}
    - target: {fileID: 9154601755934230163, guid: 04ce55a6132a1904f949eb7afce27332,
        type: 3}
      propertyPath: m_LocalEulerAnglesHint.y
      value: 0
      objectReference: {fileID: 0}
    - target: {fileID: 9154601755934230163, guid: 04ce55a6132a1904f949eb7afce27332,
        type: 3}
      propertyPath: m_LocalEulerAnglesHint.z
      value: 0
      objectReference: {fileID: 0}
    m_RemovedComponents: []
  m_SourcePrefab: {fileID: 100100000, guid: 04ce55a6132a1904f949eb7afce27332, type: 3}
--- !u!4 &5177523876932975974 stripped
Transform:
  m_CorrespondingSourceObject: {fileID: 9154601755934230163, guid: 04ce55a6132a1904f949eb7afce27332,
    type: 3}
  m_PrefabInstance: {fileID: 4094316611426712565}
  m_PrefabAsset: {fileID: 0}
--- !u!95 &2976951137135349788 stripped
Animator:
  m_CorrespondingSourceObject: {fileID: 1261480731108191209, guid: 04ce55a6132a1904f949eb7afce27332,
    type: 3}
  m_PrefabInstance: {fileID: 4094316611426712565}
  m_PrefabAsset: {fileID: 0}
