%YAML 1.1
%TAG !u! tag:unity3d.com,2011:
--- !u!1 &4087866426019848937
GameObject:
  m_ObjectHideFlags: 0
  m_CorrespondingSourceObject: {fileID: 0}
  m_PrefabInstance: {fileID: 0}
  m_PrefabAsset: {fileID: 0}
  serializedVersion: 6
  m_Component:
  - component: {fileID: 4087866426020282057}
  - component: {fileID: 4087866426018987755}
  - component: {fileID: 4087866426017856555}
  m_Layer: 0
  m_Name: wood_log_M_rfgxx_LOD0
  m_TagString: Untagged
  m_Icon: {fileID: 0}
  m_NavMeshLayer: 0
  m_StaticEditorFlags: 0
  m_IsActive: 1
--- !u!4 &4087866426020282057
Transform:
  m_ObjectHideFlags: 0
  m_CorrespondingSourceObject: {fileID: 0}
  m_PrefabInstance: {fileID: 0}
  m_PrefabAsset: {fileID: 0}
  m_GameObject: {fileID: 4087866426019848937}
  m_LocalRotation: {x: 0, y: 0, z: 0, w: 1}
  m_LocalPosition: {x: -0, y: 0, z: 0.005}
  m_LocalScale: {x: 1, y: 1, z: 2}
  m_Children: []
  m_Father: {fileID: 4087866426020282059}
  m_RootOrder: 0
  m_LocalEulerAnglesHint: {x: 0, y: 0, z: 0}
--- !u!33 &4087866426018987755
MeshFilter:
  m_ObjectHideFlags: 0
  m_CorrespondingSourceObject: {fileID: 0}
  m_PrefabInstance: {fileID: 0}
  m_PrefabAsset: {fileID: 0}
  m_GameObject: {fileID: 4087866426019848937}
  m_Mesh: {fileID: 4300000, guid: af88e8d01a5b34442898a6f2cc1d33e4, type: 3}
--- !u!23 &4087866426017856555
MeshRenderer:
  m_ObjectHideFlags: 0
  m_CorrespondingSourceObject: {fileID: 0}
  m_PrefabInstance: {fileID: 0}
  m_PrefabAsset: {fileID: 0}
  m_GameObject: {fileID: 4087866426019848937}
  m_Enabled: 1
  m_CastShadows: 1
  m_ReceiveShadows: 1
  m_DynamicOccludee: 1
  m_MotionVectors: 1
  m_LightProbeUsage: 1
  m_ReflectionProbeUsage: 1
  m_RayTracingMode: 2
  m_RenderingLayerMask: 1
  m_RendererPriority: 0
  m_Materials:
  - {fileID: 2100000, guid: 60474d105afd2cb4a92245bd7408c192, type: 2}
  m_StaticBatchInfo:
    firstSubMesh: 0
    subMeshCount: 0
  m_StaticBatchRoot: {fileID: 0}
  m_ProbeAnchor: {fileID: 0}
  m_LightProbeVolumeOverride: {fileID: 0}
  m_ScaleInLightmap: 1
  m_ReceiveGI: 1
  m_PreserveUVs: 0
  m_IgnoreNormalsForChartDetection: 0
  m_ImportantGI: 0
  m_StitchLightmapSeams: 1
  m_SelectedEditorRenderState: 3
  m_MinimumChartSize: 4
  m_AutoUVMaxDistance: 0.5
  m_AutoUVMaxAngle: 89
  m_LightmapParameters: {fileID: 0}
  m_SortingLayerID: 0
  m_SortingLayer: 0
  m_SortingOrder: 0
--- !u!1 &4087866426019848939
GameObject:
  m_ObjectHideFlags: 0
  m_CorrespondingSourceObject: {fileID: 0}
  m_PrefabInstance: {fileID: 0}
  m_PrefabAsset: {fileID: 0}
  serializedVersion: 6
  m_Component:
  - component: {fileID: 4087866426020282059}
  - component: {fileID: 4087866426035137131}
  m_Layer: 0
  m_Name: wood_log_M_rfgxx
  m_TagString: Untagged
  m_Icon: {fileID: 0}
  m_NavMeshLayer: 0
  m_StaticEditorFlags: 0
  m_IsActive: 1
--- !u!4 &4087866426020282059
Transform:
  m_ObjectHideFlags: 0
  m_CorrespondingSourceObject: {fileID: 0}
  m_PrefabInstance: {fileID: 0}
  m_PrefabAsset: {fileID: 0}
  m_GameObject: {fileID: 4087866426019848939}
  m_LocalRotation: {x: -0.7070973, y: -0.0036606735, z: 0.0036606742, w: 0.7070973}
  m_LocalPosition: {x: 529.61, y: 3.271, z: 491.36572}
  m_LocalScale: {x: 2, y: 2, z: 2}
  m_Children:
  - {fileID: 4087866426020282057}
  m_Father: {fileID: 0}
  m_RootOrder: 0
  m_LocalEulerAnglesHint: {x: -89.407005, y: -90.00001, z: 90.00001}
--- !u!205 &4087866426035137131
LODGroup:
  m_ObjectHideFlags: 0
  m_CorrespondingSourceObject: {fileID: 0}
  m_PrefabInstance: {fileID: 0}
  m_PrefabAsset: {fileID: 0}
  m_GameObject: {fileID: 4087866426019848939}
  serializedVersion: 2
  m_LocalReferencePoint: {x: -0.08331007, y: -0.081698865, z: 0.268625}
  m_Size: 3.584241
  m_FadeMode: 0
  m_AnimateCrossFading: 0
  m_LastLODIsBillboard: 0
  m_LODs:
  - screenRelativeHeight: 0.05358992
    fadeTransitionWidth: 0
    renderers:
    - renderer: {fileID: 4087866426017856555}
  m_Enabled: 1
