%YAML 1.1
%TAG !u! tag:unity3d.com,2011:
--- !u!1 &1357815277891916731
GameObject:
  m_ObjectHideFlags: 0
  m_CorrespondingSourceObject: {fileID: 0}
  m_PrefabInstance: {fileID: 0}
  m_PrefabAsset: {fileID: 0}
  serializedVersion: 6
  m_Component:
  - component: {fileID: 6787845670022551927}
  - component: {fileID: 2990008341490531145}
  - component: {fileID: 6523648518514982014}
  - component: {fileID: 58576360117857500}
  - component: {fileID: 788032877}
  - component: {fileID: 788032876}
  m_Layer: 0
  m_Name: Goblin
  m_TagString: Untagged
  m_Icon: {fileID: 0}
  m_NavMeshLayer: 0
  m_StaticEditorFlags: 0
  m_IsActive: 1
--- !u!4 &6787845670022551927
Transform:
  m_ObjectHideFlags: 0
  m_CorrespondingSourceObject: {fileID: 0}
  m_PrefabInstance: {fileID: 0}
  m_PrefabAsset: {fileID: 0}
  m_GameObject: {fileID: 1357815277891916731}
  m_LocalRotation: {x: 0, y: 0, z: 0, w: 1}
  m_LocalPosition: {x: 0, y: 0, z: 0}
  m_LocalScale: {x: 1, y: 1, z: 1}
  m_Children:
  - {fileID: 2074953736953957829}
  - {fileID: 317087364818640963}
  m_Father: {fileID: 0}
  m_RootOrder: 0
  m_LocalEulerAnglesHint: {x: 0, y: 0, z: 0}
--- !u!114 &2990008341490531145
MonoBehaviour:
  m_ObjectHideFlags: 0
  m_CorrespondingSourceObject: {fileID: 0}
  m_PrefabInstance: {fileID: 0}
  m_PrefabAsset: {fileID: 0}
  m_GameObject: {fileID: 1357815277891916731}
  m_Enabled: 1
  m_EditorHideFlags: 0
  m_Script: {fileID: 11500000, guid: 7d8da403cb8f0a04892681042a906fae, type: 3}
  m_Name: 
  m_EditorClassIdentifier: 
  StateController: {fileID: 8673404987597512666}
  visuals: {fileID: 317087364818640963}
  animator: {fileID: 317087364072278525}
  animController: {fileID: 6523648518514982014}
--- !u!114 &6523648518514982014
MonoBehaviour:
  m_ObjectHideFlags: 0
  m_CorrespondingSourceObject: {fileID: 0}
  m_PrefabInstance: {fileID: 0}
  m_PrefabAsset: {fileID: 0}
  m_GameObject: {fileID: 1357815277891916731}
  m_Enabled: 1
  m_EditorHideFlags: 0
  m_Script: {fileID: 11500000, guid: 210f58aa40223d34a991c49f60931a3d, type: 3}
  m_Name: 
  m_EditorClassIdentifier: 
  animStates:
  - tag: 0
    paramType: 0
    animatorString: Walk
    status: 0
    Value: 0
  - tag: 1
    paramType: 0
    animatorString: Dodge
    status: 0
    Value: 0
  - tag: 2
    paramType: 0
    animatorString: Grounded
    status: 0
    Value: 0
  - tag: 3
    paramType: 1
    animatorString: Attack
    status: 0
    Value: 0
  - tag: 4
    paramType: 1
    animatorString: ChargeAttack
    status: 0
    Value: 0
  charController: {fileID: 2990008341490531145}
  Speed: WalkSpeed
  ForwardDir: Forward
  RightDir: Right
--- !u!143 &58576360117857500
CharacterController:
  m_ObjectHideFlags: 0
  m_CorrespondingSourceObject: {fileID: 0}
  m_PrefabInstance: {fileID: 0}
  m_PrefabAsset: {fileID: 0}
  m_GameObject: {fileID: 1357815277891916731}
  m_Material: {fileID: 0}
  m_IsTrigger: 0
  m_Enabled: 1
  serializedVersion: 2
  m_Height: 1.5
  m_Radius: 0.5
  m_SlopeLimit: 45
  m_StepOffset: 0.3
  m_SkinWidth: 0.08
  m_MinMoveDistance: 0.001
  m_Center: {x: 0, y: 0.75, z: 0}
--- !u!114 &788032877
MonoBehaviour:
  m_ObjectHideFlags: 0
  m_CorrespondingSourceObject: {fileID: 0}
  m_PrefabInstance: {fileID: 0}
  m_PrefabAsset: {fileID: 0}
  m_GameObject: {fileID: 1357815277891916731}
  m_Enabled: 1
  m_EditorHideFlags: 0
  m_Script: {fileID: 11500000, guid: ca9a5720152b837409bb2396e6059482, type: 3}
  m_Name: 
  m_EditorClassIdentifier: 
  playerDisposition: 0
  Inventory: {fileID: 788032876}
  shopMoney: 1000
--- !u!114 &788032876
MonoBehaviour:
  m_ObjectHideFlags: 0
  m_CorrespondingSourceObject: {fileID: 0}
  m_PrefabInstance: {fileID: 0}
  m_PrefabAsset: {fileID: 0}
  m_GameObject: {fileID: 1357815277891916731}
  m_Enabled: 1
  m_EditorHideFlags: 0
  m_Script: {fileID: 11500000, guid: f1bf7257e4462e047b0df34c743f7756, type: 3}
  m_Name: 
  m_EditorClassIdentifier: 
  Title: Merchant
  startItems:
  - {fileID: 11400000, guid: 8914a387f15dcb14fbe17842260f9b68, type: 2}
  - {fileID: 11400000, guid: 8914a387f15dcb14fbe17842260f9b68, type: 2}
  - {fileID: 11400000, guid: 8914a387f15dcb14fbe17842260f9b68, type: 2}
  - {fileID: 11400000, guid: 8914a387f15dcb14fbe17842260f9b68, type: 2}
  - {fileID: 11400000, guid: 8914a387f15dcb14fbe17842260f9b68, type: 2}
  initSize:
    x: 10
    y: 100
--- !u!1 &6129859401733029502
GameObject:
  m_ObjectHideFlags: 0
  m_CorrespondingSourceObject: {fileID: 0}
  m_PrefabInstance: {fileID: 0}
  m_PrefabAsset: {fileID: 0}
  serializedVersion: 6
  m_Component:
  - component: {fileID: 2074953736953957829}
  - component: {fileID: 8673404987597512666}
  - component: {fileID: 3452138481398065461}
  - component: {fileID: 1412314601468376579}
  m_Layer: 0
  m_Name: States
  m_TagString: Untagged
  m_Icon: {fileID: 0}
  m_NavMeshLayer: 0
  m_StaticEditorFlags: 0
  m_IsActive: 1
--- !u!4 &2074953736953957829
Transform:
  m_ObjectHideFlags: 0
  m_CorrespondingSourceObject: {fileID: 0}
  m_PrefabInstance: {fileID: 0}
  m_PrefabAsset: {fileID: 0}
  m_GameObject: {fileID: 6129859401733029502}
  m_LocalRotation: {x: -0, y: -0, z: -0, w: 1}
  m_LocalPosition: {x: 0, y: 0, z: 0}
  m_LocalScale: {x: 1, y: 1, z: 1}
  m_Children: []
  m_Father: {fileID: 6787845670022551927}
  m_RootOrder: 0
  m_LocalEulerAnglesHint: {x: 0, y: 0, z: 0}
--- !u!114 &8673404987597512666
MonoBehaviour:
  m_ObjectHideFlags: 0
  m_CorrespondingSourceObject: {fileID: 0}
  m_PrefabInstance: {fileID: 0}
  m_PrefabAsset: {fileID: 0}
  m_GameObject: {fileID: 6129859401733029502}
  m_Enabled: 1
  m_EditorHideFlags: 0
  m_Script: {fileID: 11500000, guid: 4ecdfedd0b88f1948ab5682cfbfbd52c, type: 3}
  m_Name: 
  m_EditorClassIdentifier: 
  _activeState: {fileID: 3452138481398065461}
  startState: {fileID: 3452138481398065461}
  stateBehaviours: []
  ToolUser: {fileID: 0}
  HumanController: {fileID: 2990008341490531145}
  CharacterController: {fileID: 58576360117857500}
  lastMoveDir: {x: 0, y: 0, z: 0}
  lastMoveForward: {x: 0, y: 0, z: 0}
--- !u!114 &3452138481398065461
MonoBehaviour:
  m_ObjectHideFlags: 0
  m_CorrespondingSourceObject: {fileID: 0}
  m_PrefabInstance: {fileID: 0}
  m_PrefabAsset: {fileID: 0}
  m_GameObject: {fileID: 6129859401733029502}
  m_Enabled: 1
  m_EditorHideFlags: 0
  m_Script: {fileID: 11500000, guid: 7ea4e32abf059a740b15e97321806741, type: 3}
  m_Name: 
  m_EditorClassIdentifier: 
  Speed: 2
  dodgeState: {fileID: 1412314601468376579}
  useToolState: {fileID: 0}
--- !u!114 &1412314601468376579
MonoBehaviour:
  m_ObjectHideFlags: 0
  m_CorrespondingSourceObject: {fileID: 0}
  m_PrefabInstance: {fileID: 0}
  m_PrefabAsset: {fileID: 0}
  m_GameObject: {fileID: 6129859401733029502}
  m_Enabled: 1
  m_EditorHideFlags: 0
  m_Script: {fileID: 11500000, guid: 1634a1859664ace4d8117100464e1958, type: 3}
  m_Name: 
  m_EditorClassIdentifier: 
  dodgeSpeed: 4
  dodgeTime: 0.35
  rotate: {fileID: 317087364818640963}
  DodgeBool: Dodge
  defaultReturnState: {fileID: 3452138481398065461}
  rollDirection: {x: 0, y: 0, z: 0}
  speedCurve:
    serializedVersion: 2
    m_Curve: []
    m_PreInfinity: 2
    m_PostInfinity: 2
    m_RotationOrder: 4
--- !u!1001 &317087364818255229
PrefabInstance:
  m_ObjectHideFlags: 0
  serializedVersion: 2
  m_Modification:
    m_TransformParent: {fileID: 6787845670022551927}
    m_Modifications:
    - target: {fileID: 100702, guid: a8fe9acb1e0f9f74c81a0ac4738f9efe, type: 3}
      propertyPath: m_Name
      value: GoblinVisuals
      objectReference: {fileID: 0}
    - target: {fileID: 400068, guid: a8fe9acb1e0f9f74c81a0ac4738f9efe, type: 3}
      propertyPath: m_LocalRotation.x
      value: -0.02153124
      objectReference: {fileID: 0}
    - target: {fileID: 400068, guid: a8fe9acb1e0f9f74c81a0ac4738f9efe, type: 3}
      propertyPath: m_LocalRotation.z
      value: -0.21924435
      objectReference: {fileID: 0}
    - target: {fileID: 400088, guid: a8fe9acb1e0f9f74c81a0ac4738f9efe, type: 3}
      propertyPath: m_LocalRotation.y
      value: 0.10687353
      objectReference: {fileID: 0}
    - target: {fileID: 400088, guid: a8fe9acb1e0f9f74c81a0ac4738f9efe, type: 3}
      propertyPath: m_LocalRotation.w
      value: 0.97596854
      objectReference: {fileID: 0}
    - target: {fileID: 400118, guid: a8fe9acb1e0f9f74c81a0ac4738f9efe, type: 3}
      propertyPath: m_LocalRotation.y
      value: 0.036526617
      objectReference: {fileID: 0}
    - target: {fileID: 400118, guid: a8fe9acb1e0f9f74c81a0ac4738f9efe, type: 3}
      propertyPath: m_LocalRotation.w
      value: 0.9918624
      objectReference: {fileID: 0}
    - target: {fileID: 400184, guid: a8fe9acb1e0f9f74c81a0ac4738f9efe, type: 3}
      propertyPath: m_LocalRotation.x
      value: 0.09788426
      objectReference: {fileID: 0}
    - target: {fileID: 400184, guid: a8fe9acb1e0f9f74c81a0ac4738f9efe, type: 3}
      propertyPath: m_LocalRotation.y
      value: 0.014357553
      objectReference: {fileID: 0}
    - target: {fileID: 400184, guid: a8fe9acb1e0f9f74c81a0ac4738f9efe, type: 3}
      propertyPath: m_LocalRotation.z
      value: -0.12780873
      objectReference: {fileID: 0}
    - target: {fileID: 400184, guid: a8fe9acb1e0f9f74c81a0ac4738f9efe, type: 3}
      propertyPath: m_LocalRotation.w
      value: 0.98685235
      objectReference: {fileID: 0}
    - target: {fileID: 400248, guid: a8fe9acb1e0f9f74c81a0ac4738f9efe, type: 3}
      propertyPath: m_LocalRotation.y
      value: 0.0690176
      objectReference: {fileID: 0}
    - target: {fileID: 400248, guid: a8fe9acb1e0f9f74c81a0ac4738f9efe, type: 3}
      propertyPath: m_LocalRotation.w
      value: 0.9916514
      objectReference: {fileID: 0}
    - target: {fileID: 400256, guid: a8fe9acb1e0f9f74c81a0ac4738f9efe, type: 3}
      propertyPath: m_LocalRotation.x
      value: -0.116040386
      objectReference: {fileID: 0}
    - target: {fileID: 400256, guid: a8fe9acb1e0f9f74c81a0ac4738f9efe, type: 3}
      propertyPath: m_LocalRotation.y
      value: 0.036526624
      objectReference: {fileID: 0}
    - target: {fileID: 400256, guid: a8fe9acb1e0f9f74c81a0ac4738f9efe, type: 3}
      propertyPath: m_LocalRotation.z
      value: 0.03754296
      objectReference: {fileID: 0}
    - target: {fileID: 400256, guid: a8fe9acb1e0f9f74c81a0ac4738f9efe, type: 3}
      propertyPath: m_LocalRotation.w
      value: 0.9918624
      objectReference: {fileID: 0}
    - target: {fileID: 400384, guid: a8fe9acb1e0f9f74c81a0ac4738f9efe, type: 3}
      propertyPath: m_LocalRotation.y
      value: 0.9403836
      objectReference: {fileID: 0}
    - target: {fileID: 400384, guid: a8fe9acb1e0f9f74c81a0ac4738f9efe, type: 3}
      propertyPath: m_LocalRotation.w
      value: 0.27148598
      objectReference: {fileID: 0}
    - target: {fileID: 400520, guid: a8fe9acb1e0f9f74c81a0ac4738f9efe, type: 3}
      propertyPath: m_LocalRotation.x
      value: 0.2698389
      objectReference: {fileID: 0}
    - target: {fileID: 400520, guid: a8fe9acb1e0f9f74c81a0ac4738f9efe, type: 3}
      propertyPath: m_LocalRotation.y
      value: -0.3883737
      objectReference: {fileID: 0}
    - target: {fileID: 400520, guid: a8fe9acb1e0f9f74c81a0ac4738f9efe, type: 3}
      propertyPath: m_LocalRotation.z
      value: 0.69762033
      objectReference: {fileID: 0}
    - target: {fileID: 400520, guid: a8fe9acb1e0f9f74c81a0ac4738f9efe, type: 3}
      propertyPath: m_LocalRotation.w
      value: 0.538218
      objectReference: {fileID: 0}
    - target: {fileID: 400520, guid: a8fe9acb1e0f9f74c81a0ac4738f9efe, type: 3}
      propertyPath: m_LocalPosition.x
      value: -0.48197562
      objectReference: {fileID: 0}
    - target: {fileID: 400520, guid: a8fe9acb1e0f9f74c81a0ac4738f9efe, type: 3}
      propertyPath: m_LocalPosition.y
      value: -0.062001467
      objectReference: {fileID: 0}
    - target: {fileID: 400520, guid: a8fe9acb1e0f9f74c81a0ac4738f9efe, type: 3}
      propertyPath: m_LocalPosition.z
      value: 0.4390221
      objectReference: {fileID: 0}
    - target: {fileID: 400520, guid: a8fe9acb1e0f9f74c81a0ac4738f9efe, type: 3}
      propertyPath: m_LocalEulerAnglesHint.x
      value: 56.340004
      objectReference: {fileID: 0}
    - target: {fileID: 400520, guid: a8fe9acb1e0f9f74c81a0ac4738f9efe, type: 3}
      propertyPath: m_LocalEulerAnglesHint.y
      value: -4.301
      objectReference: {fileID: 0}
    - target: {fileID: 400520, guid: a8fe9acb1e0f9f74c81a0ac4738f9efe, type: 3}
      propertyPath: m_LocalEulerAnglesHint.z
      value: 102.395004
      objectReference: {fileID: 0}
    - target: {fileID: 400522, guid: a8fe9acb1e0f9f74c81a0ac4738f9efe, type: 3}
      propertyPath: m_LocalRotation.x
      value: 0.7653726
      objectReference: {fileID: 0}
    - target: {fileID: 400522, guid: a8fe9acb1e0f9f74c81a0ac4738f9efe, type: 3}
      propertyPath: m_LocalRotation.y
      value: 0.6290117
      objectReference: {fileID: 0}
    - target: {fileID: 400522, guid: a8fe9acb1e0f9f74c81a0ac4738f9efe, type: 3}
      propertyPath: m_LocalRotation.z
      value: -0.047545973
      objectReference: {fileID: 0}
    - target: {fileID: 400522, guid: a8fe9acb1e0f9f74c81a0ac4738f9efe, type: 3}
      propertyPath: m_LocalRotation.w
      value: 0.12762663
      objectReference: {fileID: 0}
    - target: {fileID: 400522, guid: a8fe9acb1e0f9f74c81a0ac4738f9efe, type: 3}
      propertyPath: m_LocalPosition.x
      value: 0.4228594
      objectReference: {fileID: 0}
    - target: {fileID: 400522, guid: a8fe9acb1e0f9f74c81a0ac4738f9efe, type: 3}
      propertyPath: m_LocalPosition.y
      value: -0.08591485
      objectReference: {fileID: 0}
    - target: {fileID: 400522, guid: a8fe9acb1e0f9f74c81a0ac4738f9efe, type: 3}
      propertyPath: m_LocalPosition.z
      value: 0.4702883
      objectReference: {fileID: 0}
    - target: {fileID: 400522, guid: a8fe9acb1e0f9f74c81a0ac4738f9efe, type: 3}
      propertyPath: m_LocalEulerAnglesHint.x
      value: 14.784
      objectReference: {fileID: 0}
    - target: {fileID: 400522, guid: a8fe9acb1e0f9f74c81a0ac4738f9efe, type: 3}
      propertyPath: m_LocalEulerAnglesHint.y
      value: -185.20898
      objectReference: {fileID: 0}
    - target: {fileID: 400522, guid: a8fe9acb1e0f9f74c81a0ac4738f9efe, type: 3}
      propertyPath: m_LocalEulerAnglesHint.z
      value: 100.494
      objectReference: {fileID: 0}
    - target: {fileID: 400702, guid: a8fe9acb1e0f9f74c81a0ac4738f9efe, type: 3}
      propertyPath: m_LocalPosition.x
      value: 0
      objectReference: {fileID: 0}
    - target: {fileID: 400702, guid: a8fe9acb1e0f9f74c81a0ac4738f9efe, type: 3}
      propertyPath: m_LocalPosition.y
      value: 0
      objectReference: {fileID: 0}
    - target: {fileID: 400702, guid: a8fe9acb1e0f9f74c81a0ac4738f9efe, type: 3}
      propertyPath: m_LocalPosition.z
      value: 0
      objectReference: {fileID: 0}
    - target: {fileID: 400702, guid: a8fe9acb1e0f9f74c81a0ac4738f9efe, type: 3}
      propertyPath: m_LocalRotation.x
      value: 0
      objectReference: {fileID: 0}
    - target: {fileID: 400702, guid: a8fe9acb1e0f9f74c81a0ac4738f9efe, type: 3}
      propertyPath: m_LocalRotation.y
      value: 0
      objectReference: {fileID: 0}
    - target: {fileID: 400702, guid: a8fe9acb1e0f9f74c81a0ac4738f9efe, type: 3}
      propertyPath: m_LocalRotation.z
      value: 0
      objectReference: {fileID: 0}
    - target: {fileID: 400702, guid: a8fe9acb1e0f9f74c81a0ac4738f9efe, type: 3}
      propertyPath: m_LocalRotation.w
      value: 1
      objectReference: {fileID: 0}
    - target: {fileID: 400702, guid: a8fe9acb1e0f9f74c81a0ac4738f9efe, type: 3}
      propertyPath: m_RootOrder
      value: 1
      objectReference: {fileID: 0}
    - target: {fileID: 400702, guid: a8fe9acb1e0f9f74c81a0ac4738f9efe, type: 3}
      propertyPath: m_LocalEulerAnglesHint.x
      value: 0
      objectReference: {fileID: 0}
    - target: {fileID: 400702, guid: a8fe9acb1e0f9f74c81a0ac4738f9efe, type: 3}
      propertyPath: m_LocalEulerAnglesHint.y
      value: 0
      objectReference: {fileID: 0}
    - target: {fileID: 400702, guid: a8fe9acb1e0f9f74c81a0ac4738f9efe, type: 3}
      propertyPath: m_LocalEulerAnglesHint.z
      value: 0
      objectReference: {fileID: 0}
    - target: {fileID: 400702, guid: a8fe9acb1e0f9f74c81a0ac4738f9efe, type: 3}
      propertyPath: m_LocalScale.x
      value: 1
      objectReference: {fileID: 0}
    - target: {fileID: 400702, guid: a8fe9acb1e0f9f74c81a0ac4738f9efe, type: 3}
      propertyPath: m_LocalScale.y
      value: 1
      objectReference: {fileID: 0}
    - target: {fileID: 400702, guid: a8fe9acb1e0f9f74c81a0ac4738f9efe, type: 3}
      propertyPath: m_LocalScale.z
      value: 1
      objectReference: {fileID: 0}
    - target: {fileID: 747287680, guid: a8fe9acb1e0f9f74c81a0ac4738f9efe, type: 3}
      propertyPath: m_Controller
      value: 
      objectReference: {fileID: 9100000, guid: 00f30a9a76070604380427bc5ca6d0dc, type: 2}
    - target: {fileID: 503917353151489088, guid: a8fe9acb1e0f9f74c81a0ac4738f9efe,
        type: 3}
      propertyPath: m_TranslationAtRest.x
      value: -0.482
      objectReference: {fileID: 0}
    - target: {fileID: 503917353151489088, guid: a8fe9acb1e0f9f74c81a0ac4738f9efe,
        type: 3}
      propertyPath: m_TranslationAtRest.y
      value: -0.062
      objectReference: {fileID: 0}
    - target: {fileID: 503917353151489088, guid: a8fe9acb1e0f9f74c81a0ac4738f9efe,
        type: 3}
      propertyPath: m_TranslationAtRest.z
      value: 0.439
      objectReference: {fileID: 0}
    - target: {fileID: 503917353151489088, guid: a8fe9acb1e0f9f74c81a0ac4738f9efe,
        type: 3}
      propertyPath: m_RotationAtRest.x
      value: 56.339798
      objectReference: {fileID: 0}
    - target: {fileID: 503917353151489088, guid: a8fe9acb1e0f9f74c81a0ac4738f9efe,
        type: 3}
      propertyPath: m_RotationAtRest.y
      value: -4.301228
      objectReference: {fileID: 0}
    - target: {fileID: 503917353151489088, guid: a8fe9acb1e0f9f74c81a0ac4738f9efe,
        type: 3}
      propertyPath: m_RotationAtRest.z
      value: 102.39498
      objectReference: {fileID: 0}
    - target: {fileID: 503917353151489088, guid: a8fe9acb1e0f9f74c81a0ac4738f9efe,
        type: 3}
      propertyPath: m_TranslationOffsets.Array.data[0].x
      value: -0.113204956
      objectReference: {fileID: 0}
    - target: {fileID: 503917353151489088, guid: a8fe9acb1e0f9f74c81a0ac4738f9efe,
        type: 3}
      propertyPath: m_TranslationOffsets.Array.data[0].y
      value: 0.005859375
      objectReference: {fileID: 0}
    - target: {fileID: 503917353151489088, guid: a8fe9acb1e0f9f74c81a0ac4738f9efe,
        type: 3}
      propertyPath: m_TranslationOffsets.Array.data[0].z
      value: 0.011413574
      objectReference: {fileID: 0}
    - target: {fileID: 503917353151489088, guid: a8fe9acb1e0f9f74c81a0ac4738f9efe,
        type: 3}
      propertyPath: m_RotationOffsets.Array.data[0].x
      value: -70.666046
      objectReference: {fileID: 0}
    - target: {fileID: 503917353151489088, guid: a8fe9acb1e0f9f74c81a0ac4738f9efe,
        type: 3}
      propertyPath: m_RotationOffsets.Array.data[0].y
      value: 173.43091
      objectReference: {fileID: 0}
    - target: {fileID: 503917353151489088, guid: a8fe9acb1e0f9f74c81a0ac4738f9efe,
        type: 3}
      propertyPath: m_RotationOffsets.Array.data[0].z
      value: -142.5678
      objectReference: {fileID: 0}
    - target: {fileID: 827485369368285797, guid: a8fe9acb1e0f9f74c81a0ac4738f9efe,
        type: 3}
      propertyPath: parent
      value: 
      objectReference: {fileID: 6787845670022551927}
    - target: {fileID: 5189675958338412197, guid: a8fe9acb1e0f9f74c81a0ac4738f9efe,
        type: 3}
      propertyPath: m_TranslationAtRest.x
      value: 0.4229
      objectReference: {fileID: 0}
    - target: {fileID: 5189675958338412197, guid: a8fe9acb1e0f9f74c81a0ac4738f9efe,
        type: 3}
      propertyPath: m_TranslationAtRest.y
      value: -0.0859
      objectReference: {fileID: 0}
    - target: {fileID: 5189675958338412197, guid: a8fe9acb1e0f9f74c81a0ac4738f9efe,
        type: 3}
      propertyPath: m_TranslationAtRest.z
      value: 0.4703
      objectReference: {fileID: 0}
    - target: {fileID: 5189675958338412197, guid: a8fe9acb1e0f9f74c81a0ac4738f9efe,
        type: 3}
      propertyPath: m_RotationAtRest.x
      value: 14.784132
      objectReference: {fileID: 0}
    - target: {fileID: 5189675958338412197, guid: a8fe9acb1e0f9f74c81a0ac4738f9efe,
        type: 3}
      propertyPath: m_RotationAtRest.y
      value: 174.79138
      objectReference: {fileID: 0}
    - target: {fileID: 5189675958338412197, guid: a8fe9acb1e0f9f74c81a0ac4738f9efe,
        type: 3}
      propertyPath: m_RotationAtRest.z
      value: 100.4945
      objectReference: {fileID: 0}
    - target: {fileID: 5189675958338412197, guid: a8fe9acb1e0f9f74c81a0ac4738f9efe,
        type: 3}
      propertyPath: m_TranslationOffsets.Array.data[0].x
      value: -0.083602905
      objectReference: {fileID: 0}
    - target: {fileID: 5189675958338412197, guid: a8fe9acb1e0f9f74c81a0ac4738f9efe,
        type: 3}
      propertyPath: m_TranslationOffsets.Array.data[0].y
      value: -0.055755615
      objectReference: {fileID: 0}
    - target: {fileID: 5189675958338412197, guid: a8fe9acb1e0f9f74c81a0ac4738f9efe,
        type: 3}
      propertyPath: m_TranslationOffsets.Array.data[0].z
      value: 0.052368164
      objectReference: {fileID: 0}
    - target: {fileID: 5189675958338412197, guid: a8fe9acb1e0f9f74c81a0ac4738f9efe,
        type: 3}
      propertyPath: m_RotationOffsets.Array.data[0].x
      value: -12.428332
      objectReference: {fileID: 0}
    - target: {fileID: 5189675958338412197, guid: a8fe9acb1e0f9f74c81a0ac4738f9efe,
        type: 3}
      propertyPath: m_RotationOffsets.Array.data[0].y
      value: -76.097664
      objectReference: {fileID: 0}
    - target: {fileID: 5189675958338412197, guid: a8fe9acb1e0f9f74c81a0ac4738f9efe,
        type: 3}
      propertyPath: m_RotationOffsets.Array.data[0].z
      value: 86.950745
      objectReference: {fileID: 0}
    m_RemovedComponents: []
  m_SourcePrefab: {fileID: 100100000, guid: a8fe9acb1e0f9f74c81a0ac4738f9efe, type: 3}
--- !u!4 &317087364818640963 stripped
Transform:
  m_CorrespondingSourceObject: {fileID: 400702, guid: a8fe9acb1e0f9f74c81a0ac4738f9efe,
    type: 3}
  m_PrefabInstance: {fileID: 317087364818255229}
  m_PrefabAsset: {fileID: 0}
--- !u!95 &317087364072278525 stripped
Animator:
  m_CorrespondingSourceObject: {fileID: 747287680, guid: a8fe9acb1e0f9f74c81a0ac4738f9efe,
    type: 3}
  m_PrefabInstance: {fileID: 317087364818255229}
  m_PrefabAsset: {fileID: 0}
