%YAML 1.1
%TAG !u! tag:unity3d.com,2011:
--- !u!1 &3172025795208093643
GameObject:
  m_ObjectHideFlags: 0
  m_CorrespondingSourceObject: {fileID: 0}
  m_PrefabInstance: {fileID: 0}
  m_PrefabAsset: {fileID: 0}
  serializedVersion: 6
  m_Component:
  - component: {fileID: 3172025795208446955}
  - component: {fileID: 3172025795211346891}
  - component: {fileID: 3172025795210346763}
  - component: {fileID: 7335839516519227799}
  - component: {fileID: 5375300823615975706}
  - component: {fileID: 8430213490192850527}
  m_Layer: 0
  m_Name: desert_box002
  m_TagString: Untagged
  m_Icon: {fileID: 0}
  m_NavMeshLayer: 0
  m_StaticEditorFlags: 0
  m_IsActive: 1
--- !u!4 &3172025795208446955
Transform:
  m_ObjectHideFlags: 0
  m_CorrespondingSourceObject: {fileID: 0}
  m_PrefabInstance: {fileID: 0}
  m_PrefabAsset: {fileID: 0}
  m_GameObject: {fileID: 3172025795208093643}
  m_LocalRotation: {x: -0.000000053385083, y: 0.7071068, z: 0.7071068, w: 0.000000053385083}
  m_LocalPosition: {x: 546.938, y: 2.3013916, z: 499.36514}
  m_LocalScale: {x: 1, y: 1, z: 1}
  m_Children:
  - {fileID: 7624494613597244269}
  m_Father: {fileID: 0}
  m_RootOrder: 0
  m_LocalEulerAnglesHint: {x: 0, y: 0, z: 0}
--- !u!33 &3172025795211346891
MeshFilter:
  m_ObjectHideFlags: 0
  m_CorrespondingSourceObject: {fileID: 0}
  m_PrefabInstance: {fileID: 0}
  m_PrefabAsset: {fileID: 0}
  m_GameObject: {fileID: 3172025795208093643}
  m_Mesh: {fileID: 4300000, guid: 9f6e6c34d6965a7488bd4d8c3c2cceee, type: 3}
--- !u!23 &3172025795210346763
MeshRenderer:
  m_ObjectHideFlags: 0
  m_CorrespondingSourceObject: {fileID: 0}
  m_PrefabInstance: {fileID: 0}
  m_PrefabAsset: {fileID: 0}
  m_GameObject: {fileID: 3172025795208093643}
  m_Enabled: 1
  m_CastShadows: 1
  m_ReceiveShadows: 1
  m_DynamicOccludee: 1
  m_MotionVectors: 1
  m_LightProbeUsage: 1
  m_ReflectionProbeUsage: 1
  m_RayTracingMode: 2
  m_RenderingLayerMask: 1
  m_RendererPriority: 0
  m_Materials:
  - {fileID: 2100000, guid: d64ee91cf1b3114468893172ceee1a79, type: 2}
  m_StaticBatchInfo:
    firstSubMesh: 0
    subMeshCount: 0
  m_StaticBatchRoot: {fileID: 0}
  m_ProbeAnchor: {fileID: 0}
  m_LightProbeVolumeOverride: {fileID: 0}
  m_ScaleInLightmap: 1
  m_ReceiveGI: 1
  m_PreserveUVs: 0
  m_IgnoreNormalsForChartDetection: 0
  m_ImportantGI: 0
  m_StitchLightmapSeams: 1
  m_SelectedEditorRenderState: 3
  m_MinimumChartSize: 4
  m_AutoUVMaxDistance: 0.5
  m_AutoUVMaxAngle: 89
  m_LightmapParameters: {fileID: 0}
  m_SortingLayerID: 0
  m_SortingLayer: 0
  m_SortingOrder: 0
--- !u!114 &7335839516519227799
MonoBehaviour:
  m_ObjectHideFlags: 0
  m_CorrespondingSourceObject: {fileID: 0}
  m_PrefabInstance: {fileID: 0}
  m_PrefabAsset: {fileID: 0}
  m_GameObject: {fileID: 3172025795208093643}
  m_Enabled: 1
  m_EditorHideFlags: 0
  m_Script: {fileID: 11500000, guid: f1bf7257e4462e047b0df34c743f7756, type: 3}
  m_Name: 
  m_EditorClassIdentifier: 
  Title: Sell
  IgnoreItemSize: 0
  startItems: []
  initSize:
    x: 3
    y: 3
--- !u!114 &5375300823615975706
MonoBehaviour:
  m_ObjectHideFlags: 0
  m_CorrespondingSourceObject: {fileID: 0}
  m_PrefabInstance: {fileID: 0}
  m_PrefabAsset: {fileID: 0}
  m_GameObject: {fileID: 3172025795208093643}
  m_Enabled: 1
  m_EditorHideFlags: 0
  m_Script: {fileID: 11500000, guid: cde5d324931844f4cbe9d7dbe1af3535, type: 3}
  m_Name: 
  m_EditorClassIdentifier: 
  OnClick:
    m_PersistentCalls:
      m_Calls:
      - m_Target: {fileID: 0}
        m_MethodName: SetInventoryPlayer
        m_Mode: 2
        m_Arguments:
          m_ObjectArgument: {fileID: 0}
          m_ObjectArgumentAssemblyTypeName: Inventory, Assembly-CSharp
          m_IntArgument: 0
          m_FloatArgument: 0
          m_StringArgument: 
          m_BoolArgument: 0
        m_CallState: 2
      - m_Target: {fileID: 0}
        m_MethodName: SetInventoryBox
        m_Mode: 2
        m_Arguments:
          m_ObjectArgument: {fileID: 7335839516519227799}
          m_ObjectArgumentAssemblyTypeName: Inventory, Assembly-CSharp
          m_IntArgument: 0
          m_FloatArgument: 0
          m_StringArgument: 
          m_BoolArgument: 0
        m_CallState: 2
      - m_Target: {fileID: 0}
        m_MethodName: Open
        m_Mode: 1
        m_Arguments:
          m_ObjectArgument: {fileID: 0}
          m_ObjectArgumentAssemblyTypeName: UnityEngine.Object, UnityEngine
          m_IntArgument: 0
          m_FloatArgument: 0
          m_StringArgument: 
          m_BoolArgument: 0
        m_CallState: 2
  MousePriority: 0
  interactionObject: {fileID: 0}
  OnHoverEnter:
    m_PersistentCalls:
      m_Calls:
      - m_Target: {fileID: 7624494612273804084}
        m_MethodName: Show
        m_Mode: 1
        m_Arguments:
          m_ObjectArgument: {fileID: 0}
          m_ObjectArgumentAssemblyTypeName: UnityEngine.Object, UnityEngine
          m_IntArgument: 0
          m_FloatArgument: 0
          m_StringArgument: 
          m_BoolArgument: 0
        m_CallState: 2
  OnHoverExit:
    m_PersistentCalls:
      m_Calls:
      - m_Target: {fileID: 7624494612273804084}
        m_MethodName: Hide
        m_Mode: 1
        m_Arguments:
          m_ObjectArgument: {fileID: 0}
          m_ObjectArgumentAssemblyTypeName: UnityEngine.Object, UnityEngine
          m_IntArgument: 0
          m_FloatArgument: 0
          m_StringArgument: 
          m_BoolArgument: 0
        m_CallState: 2
--- !u!65 &8430213490192850527
BoxCollider:
  m_ObjectHideFlags: 0
  m_CorrespondingSourceObject: {fileID: 0}
  m_PrefabInstance: {fileID: 0}
  m_PrefabAsset: {fileID: 0}
  m_GameObject: {fileID: 3172025795208093643}
  m_Material: {fileID: 0}
  m_IsTrigger: 0
  m_Enabled: 1
  serializedVersion: 2
  m_Size: {x: 1.7975007, y: 1.3430454, z: 1.0347711}
  m_Center: {x: -0.004157694, y: 0.00000032738194, z: 0.5018611}
--- !u!1001 &4891363911566139656
PrefabInstance:
  m_ObjectHideFlags: 0
  serializedVersion: 2
  m_Modification:
    m_TransformParent: {fileID: 3172025795208446955}
    m_Modifications:
    - target: {fileID: 3039429451546323556, guid: cbabcc99829010c45bfe588d60940997,
        type: 3}
      propertyPath: m_Name
      value: WorldToolTip
      objectReference: {fileID: 0}
    - target: {fileID: 3039429451546323557, guid: cbabcc99829010c45bfe588d60940997,
        type: 3}
      propertyPath: m_LocalPosition.x
      value: 0
      objectReference: {fileID: 0}
    - target: {fileID: 3039429451546323557, guid: cbabcc99829010c45bfe588d60940997,
        type: 3}
      propertyPath: m_LocalPosition.y
      value: 0
      objectReference: {fileID: 0}
    - target: {fileID: 3039429451546323557, guid: cbabcc99829010c45bfe588d60940997,
        type: 3}
      propertyPath: m_LocalPosition.z
      value: 0
      objectReference: {fileID: 0}
    - target: {fileID: 3039429451546323557, guid: cbabcc99829010c45bfe588d60940997,
        type: 3}
      propertyPath: m_LocalRotation.x
      value: 0
      objectReference: {fileID: 0}
    - target: {fileID: 3039429451546323557, guid: cbabcc99829010c45bfe588d60940997,
        type: 3}
      propertyPath: m_LocalRotation.y
      value: 0
      objectReference: {fileID: 0}
    - target: {fileID: 3039429451546323557, guid: cbabcc99829010c45bfe588d60940997,
        type: 3}
      propertyPath: m_LocalRotation.z
      value: 0
      objectReference: {fileID: 0}
    - target: {fileID: 3039429451546323557, guid: cbabcc99829010c45bfe588d60940997,
        type: 3}
      propertyPath: m_LocalRotation.w
      value: 1
      objectReference: {fileID: 0}
    - target: {fileID: 3039429451546323557, guid: cbabcc99829010c45bfe588d60940997,
        type: 3}
      propertyPath: m_RootOrder
      value: 0
      objectReference: {fileID: 0}
    - target: {fileID: 3039429451546323557, guid: cbabcc99829010c45bfe588d60940997,
        type: 3}
      propertyPath: m_LocalEulerAnglesHint.x
      value: 0
      objectReference: {fileID: 0}
    - target: {fileID: 3039429451546323557, guid: cbabcc99829010c45bfe588d60940997,
        type: 3}
      propertyPath: m_LocalEulerAnglesHint.y
      value: 0
      objectReference: {fileID: 0}
    - target: {fileID: 3039429451546323557, guid: cbabcc99829010c45bfe588d60940997,
        type: 3}
      propertyPath: m_LocalEulerAnglesHint.z
      value: 0
      objectReference: {fileID: 0}
    - target: {fileID: 3039429451546323557, guid: cbabcc99829010c45bfe588d60940997,
        type: 3}
      propertyPath: m_AnchoredPosition.x
      value: 0
      objectReference: {fileID: 0}
    - target: {fileID: 3039429451546323557, guid: cbabcc99829010c45bfe588d60940997,
        type: 3}
      propertyPath: m_AnchoredPosition.y
      value: 0
      objectReference: {fileID: 0}
    - target: {fileID: 3039429451546323557, guid: cbabcc99829010c45bfe588d60940997,
        type: 3}
      propertyPath: m_SizeDelta.x
      value: 200
      objectReference: {fileID: 0}
    - target: {fileID: 3039429451546323557, guid: cbabcc99829010c45bfe588d60940997,
        type: 3}
      propertyPath: m_SizeDelta.y
      value: 100
      objectReference: {fileID: 0}
    - target: {fileID: 3039429451546323557, guid: cbabcc99829010c45bfe588d60940997,
        type: 3}
      propertyPath: m_AnchorMin.x
      value: 0.5
      objectReference: {fileID: 0}
    - target: {fileID: 3039429451546323557, guid: cbabcc99829010c45bfe588d60940997,
        type: 3}
      propertyPath: m_AnchorMin.y
      value: 0.5
      objectReference: {fileID: 0}
    - target: {fileID: 3039429451546323557, guid: cbabcc99829010c45bfe588d60940997,
        type: 3}
      propertyPath: m_AnchorMax.x
      value: 0.5
      objectReference: {fileID: 0}
    - target: {fileID: 3039429451546323557, guid: cbabcc99829010c45bfe588d60940997,
        type: 3}
      propertyPath: m_AnchorMax.y
      value: 0.5
      objectReference: {fileID: 0}
    - target: {fileID: 3039429451546323557, guid: cbabcc99829010c45bfe588d60940997,
        type: 3}
      propertyPath: m_Pivot.x
      value: 0.5
      objectReference: {fileID: 0}
    - target: {fileID: 3039429451546323557, guid: cbabcc99829010c45bfe588d60940997,
        type: 3}
      propertyPath: m_Pivot.y
      value: 0.5
      objectReference: {fileID: 0}
    - target: {fileID: 3039429452109137913, guid: cbabcc99829010c45bfe588d60940997,
        type: 3}
      propertyPath: m_textInfo.characterCount
      value: 0
      objectReference: {fileID: 0}
    - target: {fileID: 3039429452109137913, guid: cbabcc99829010c45bfe588d60940997,
        type: 3}
      propertyPath: m_textInfo.spaceCount
      value: 0
      objectReference: {fileID: 0}
    - target: {fileID: 3039429452109137913, guid: cbabcc99829010c45bfe588d60940997,
        type: 3}
      propertyPath: m_textInfo.wordCount
      value: 0
      objectReference: {fileID: 0}
    - target: {fileID: 3039429452109137913, guid: cbabcc99829010c45bfe588d60940997,
        type: 3}
      propertyPath: m_textInfo.lineCount
      value: 0
      objectReference: {fileID: 0}
    - target: {fileID: 3039429452109137913, guid: cbabcc99829010c45bfe588d60940997,
        type: 3}
      propertyPath: m_textInfo.pageCount
      value: 0
      objectReference: {fileID: 0}
    - target: {fileID: 3039429452109137913, guid: cbabcc99829010c45bfe588d60940997,
        type: 3}
      propertyPath: m_text
      value: Vendor Items
      objectReference: {fileID: 0}
    m_RemovedComponents: []
  m_SourcePrefab: {fileID: 100100000, guid: cbabcc99829010c45bfe588d60940997, type: 3}
--- !u!224 &7624494613597244269 stripped
RectTransform:
  m_CorrespondingSourceObject: {fileID: 3039429451546323557, guid: cbabcc99829010c45bfe588d60940997,
    type: 3}
  m_PrefabInstance: {fileID: 4891363911566139656}
  m_PrefabAsset: {fileID: 0}
--- !u!114 &7624494612273804084 stripped
MonoBehaviour:
  m_CorrespondingSourceObject: {fileID: 3039429453444092476, guid: cbabcc99829010c45bfe588d60940997,
    type: 3}
  m_PrefabInstance: {fileID: 4891363911566139656}
  m_PrefabAsset: {fileID: 0}
  m_GameObject: {fileID: 0}
  m_Enabled: 1
  m_EditorHideFlags: 0
  m_Script: {fileID: 11500000, guid: 4c505e43d92fe7643a9e0558bb417b42, type: 3}
  m_Name: 
  m_EditorClassIdentifier: 
